@String{rmf = "Revista Mexicana de F\'{\i}sica"}
@String{nm = "Nature Materials"}
@String{josaa = "J. Opt. Soc. Am. A"}
@String{josab = "J. Opt. Soc. Am. B"}
@String{josa = "J. Opt. Soc. Am."}
@String{prb = "Phys. Rev. B"}
@String{pra = "Phys. Rev. A"}
@String{prl = "Phys. Rev. Lett."}
@String{pre = "Phys. Rev. E"}
@String{ao = "Appl. Opt."}
@String{ol = "Opt. Lett."}
@String{jcp = "J. Chem. Phys."}
@String{jpc = "J. Phys. Chem."}
@String{jpcb = "J. Phys. Chem. B."}
@String{jap = "J. Appl. Phys."}
@String{ap = "Appl. Phys."}
@String{ieeet = "IEEE. Trans. Microw. Theory Tech."}

@article{aktsipetrovJETP86,
    title = {Surface contribution to the generation of reflected second-harmonic light for centrosymmetric semiconductors},
    volume = {91},
    journal = {J. Exp. Theor. Phys.},
    author = {Aktsipetrov, A. and Baranova, I. M. and Il'inskii, A.},
    year = {1986},
    pages = {297}
}

@article{alfonsoPRB96,
    title = {First-principles studies of hydrogenated {Si}(111)-7x7},
    volume = {54},
    doi = {10.1103/PhysRevB.54.8028},
    number = {11},
    journal = prb,
    author = {Alfonso, D. R. and Noguez, C. and Drabold, D. A. and Ulloa, S. E.},
    month = sep,
    year = {1996},
    pages = {8028--8032}
}

@article{andersonPRB15,
    title = {Theory of surface second-harmonic generation for semiconductors including effects of nonlocal operators},
    volume = {91},
    doi = {10.1103/PhysRevB.91.075302},
    number = {7},
    journal = prb,
    author = {Anderson, S. M. and Tancogne-Dejean, N. and Mendoza, B. S. and V{\'e}niard, V.},
    month = feb,
    year = {2015},
    pages = {075302}
}

@article{bergfeldPRL04,
    title = {Nonlinear {Optical} {Spectroscopy} of {Suboxides} at {Oxidized} {Si}(111) {Interfaces}},
    volume = {93},
    doi = {10.1103/PhysRevLett.93.097402},
    number = {9},
    journal = {Phys. Rev. Lett.},
    author = {Bergfeld, S. and Braunschweig, B. and Daum, W.},
    month = aug,
    year = {2004},
    pages = {097402}
}

@article{bloembergenAPB99,
    title = {Surface nonlinear optics: a historical overview},
    volume = {68},
    shorttitle = {Surface nonlinear optics},
    number = {3},
    journal = {Appl. Phys. B-Lasers O.},
    author = {Bloembergen, N.},
    year = {1999},
    pages = {289-293}
}

@article{bloembergenPR62,
    title = {Light {Waves} at the {Boundary} of {Nonlinear} {Media}},
    volume = {128},
    doi = {10.1103/PhysRev.128.606},
    number = {2},
    urldate = {2013-02-12},
    journal = {Physical Review},
    author = {Bloembergen, N. and Pershan, P. S.},
    month = oct,
    year = {1962},
    pages = {606--622}
}

@article{cabellosPRB09,
    title = {Effects of nonlocality on second-harmonic generation in bulk semiconductors},
    volume = {80},
    doi = {10.1103/PhysRevB.80.155205},
    pages = {155205},
    number = {15},
    journal = prb,
    author = {Cabellos, J. and Mendoza, B. and Escobar, M. and Nastos, F. and Sipe, J.},
    year = {2009}
}

@article{cargnoniJOCP00,
    title = {Geometrical reconstructions and electronic relaxations of silicon surfaces. {I}. {An} electron density topological study of {H}-covered and clean {Si}(111)(1×1) surfaces},
    volume = {112},
    issn = {0021-9606, 1089-7690},
    doi = {10.1063/1.480616},
    number = {2},
    journal = jcp,
    author = {Cargnoni, F. and Gatti, C. and May, E. and Narducci, D.},
    month = jan,
    year = {2000},
    pages = {887--899}
}

@article{chabalJVST1989,
    title = {Infrared spectroscopy of {Si}(111) and {Si}(100) surfaces after {HF} treatment: {Hydrogen} termination and surface morphology},
    volume = {7},
    issn = {0734-2101, 1520-8559},
    shorttitle = {Infrared spectroscopy of {Si}(111) and {Si}(100) surfaces after {HF} treatment},
    doi = {10.1116/1.575980},
    number = {3},
    journal = {J. Vac. Sci. Technol. A},
    author = {Chabal, Y. J. and Higashi, G. S. and Raghavachari, K. and Burrows, V. A.},
    month = may,
    year = {1989},
    pages = {2104--2109}
}

@article{chenPRL81,
    title = {Surface-Enhanced Second-Harmonic Generation},
    volume = {46},
    doi = {10.1103/PhysRevLett.46.145},
    number = {2},
    journal = prl,
    author = {Chen, C. K. and de Castro, A. R. B. and Shen, Y. R.},
    month = jan,
    year = {1981},
    pages = {145-148}
}

@article{ciniPRB91,
    title = {Simple model of electric-dipole second-harmonic generation from interfaces},
    volume = {43},
    number = {6},
    urldate = {2014-07-02},
    journal = {Physical Review B},
    author = {Cini, Michele},
    month = feb,
    year = {1991},
    pages = {4792--4802}
}

@article{dadapPRB96,
    title = {Optical second-harmonic electroreflectance spectroscopy of a {Si}(001) metal-oxide-semiconductor structure},
    volume = {53},
    doi = {10.1103/PhysRevB.53.R7607},
    number = {12},
    journal = prb,
    author = {Dadap, J. I. and Hu, X. F. and Anderson, M. H. and Downer, M. C. and Lowell, J. K. and Aktsipetrov, O. A.},
    month = mar,
    year = {1996},
    pages = {R7607--R7609}
}

@article{dadapPRB97,
    title = {Second-harmonic spectroscopy of a {Si} (001) surface during calibrated variations in temperature and hydrogen coverage},
    volume = {56},
    number = {20},
    urldate = {2013-01-21},
    journal = prb,
    author = {Dadap, J. I. and Xu, Z. and Hu, X. F. and Downer, M. C. and Russell, N. M. and Ekerdt, J. G. and Aktsipetrov, O. A.},
    year = {1997},
    pages = {13367}
}

@article{daumPRL93,
    title = {Identification of strained silicon layers at Si-{SiO}\_\{2\} interfaces and clean Si surfaces by nonlinear optical spectroscopy},
    volume = {71},
    doi = {10.1103/PhysRevLett.71.1234},
    number = {8},
    journal = prl,
    author = {Daum, W. and Krause, H. J. and Reichel, U. and Ibach, H.},
    month = aug,
    year = {1993},
    pages = {1234-1237}
}

@article{deanPRB14,
    title = {Ultrafast surface strain dynamics in {MnAs} thin films observed with second harmonic generation},
    volume = {89},
    doi = {10.1103/PhysRevB.89.024102},
    number = {2},
    journal = prb,
    author = {Dean, J. J. and Lange, C. and van Driel, H. M.},
    month = jan,
    year = {2014},
    pages = {024102}
}

@article{delsolePRB93,
    title = {Optical properties of semiconductors within the independent-quasiparticle approximation},
    author = {Del Sole, R. and Girlanda, R.},
    journal = prb,
    year = {1993},
    pages = {11789}
}

@article{downerPSSA01,
    title = {Optical Second Harmonic Spectroscopy of Silicon Surfaces, Interfaces and Nanocrystals},
    volume = {188},
    copyright = {© 2001 {WILEY}-{VCH} Verlag Berlin {GmbH}, Fed. Rep. of Germany},
    doi = {10.1002/1521-396X(200112)188:4<1371::AID-PSSA1371>3.0.CO;2-U},
    language = {en},
    number = {4},
    journal = {Phys. Status Solidi A},
    author = {Downer, M. C. and Jiang, Y. and Lim, D. and Mantese, L. and Wilson, P. T. and Mendoza, B. S. and Gavrilenko, V.I.},
    year = {2001},
    pages = {1371-1381}
}

@article{downerSIA01,
    title = {Optical second harmonic spectroscopy of semiconductor surfaces: advances in microscopic understanding},
    volume = {31},
    shorttitle = {Optical second harmonic spectroscopy of semiconductor surfaces},
    pages = {966–986},
    number = {10},
    journal = {Surf. Interface Anal.},
    author = {Downer, M. C. and Mendoza, B. S. and Gavrilenko, V. I.},
    year = {2001}
}

@article{erleyPRB99,
    title = {Second-harmonic spectroscopy of interband excitations at the interfaces of strained {Si} (100)-{Si}0.85 {Ge}0.15-{SiO}2 heterostructures},
    volume = {59},
    number = {4},
    journal = prb,
    author = {Erley, G. and Butz, R. and Daum, W.},
    year = {1999},
    pages = {2915}
}

@article{gonzeCPS09,
    title     = {{ABINIT}: {F}irst-principles approach to material and nanosystem properties},
    Author    = {{G}onze, {X}. and {A}madon, {B}. and {A}nglade, {P}. -. {M}. and {B}euken, {J}. -. {M}. and {B}ottin, {F}. and {B}oulanger, {P}. and {B}runeval, {F}. and {C}aliste, {D}. and {C}aracas, {R}. and {C}ote, {M}. and {D}eutsch, {T}. and {G}enovese, {L}. and {G}hosez, {P}h. and {G}iantomassi, {M}. and {G}oedecker, {S}. and {H}amann, {D}. {R}. and {H}ermet, {P}. and {J}ollet, {F}. and {J}omard, {G}. and {L}eroux, {S}. and {M}ancini, {M}. and {M}azevet, {S}. and {O}liveira, {M}. {J}. {T}. and {O}nida, {G}. and {P}ouillon, {Y}. and {R}angel, {T}. and {R}ignanese, {G}. -. {M}. and {S}angalli, {D}. and {S}haltaf, {R}. and {T}orrent, {M}. and {V}erstraete, {M}. {J}. and {Z}erah, {G}. and {Z}wanziger, {J}. {W}.},
    journal   = {Comput. Phys. Commun.},
    year      = {2009},
    month     = dec,
    number    = {12},
    pages     = {2582--2615},
    volume    = {180},
    doi       = {10.1016/j.cpc.2009.07.007}
}

@article{guyotPRB86,
    title = {General considerations on optical second-harmonic generation from surfaces and interfaces},
    volume = {33},
    doi = {10.1103/PhysRevB.33.8254},
    number = {12},
    urldate = {2013-02-12},
    journal = prb,
    author = {Guyot-Sionnest, P. and Chen, W. and Shen, Y. R.},
    month = jun,
    year = {1986},
    pages = {8254--8263}
}

@article{guyotPRB87,
    title = {Local and nonlocal surface nonlinearities for surface optical second-harmonic generation},
    volume = {35},
    doi = {10.1103/PhysRevB.35.4420},
    number = {9},
    urldate = {2013-02-12},
    journal = prb,
    author = {Guyot-Sionnest, P. and Shen, Y. R.},
    month = mar,
    year = {1987},
    pages = {4420--4426}
}

@article{guyotPRB88,
    title = {Bulk contribution in surface second-harmonic generation},
    volume = {38},
    doi = {10.1103/PhysRevB.38.7985},
    number = {12},
    journal = prb,
    author = {Guyot-Sionnest, P. and Shen, Y. R.},
    month = oct,
    year = {1988},
    pages = {7985-7989}
}

@article{higashiAPS90,
    title = {Ideal hydrogen termination of the {Si} (111) surface},
    volume = {56},
    issn = {0003-6951, 1077-3118},
    doi = {10.1063/1.102728},
    number = {7},
    journal = {App. Phys. Lett.},
    author = {Higashi, G. S. and Chabal, Y. J. and Trucks, G. W. and Raghavachari, K.},
    month = feb,
    year = {1990},
    pages = {656--658}
}

@article{hoferAPA96,
    title = {Nonlinear optical investigations of the dynamics of hydrogen interaction with silicon surfaces},
    volume = {63},
    issn = {0947-8396, 1432-0630},
    doi = {10.1007/BF01567209},
    language = {en},
    number = {6},
    journal = {Appl. Phys. A},
    author = {H{\"o}fer, U.},
    month = dec,
    year = {1996},
    pages = {533--547}
}

@article{hughesPRB96,
    title = {Calculation of second-order optical response in semiconductors},
    volume = {53},
    number = {16},
    journal = prb,
    author = {Hughes, J. L. P. and Sipe, J. E.},
    year = {1996},
    pages = {10751}
}

@article{jonaPRB95,
    title = {Experimental determination of the atomic structure of a {H}-terminated {Si}\{111\} surface},
    volume = {52},
    doi = {10.1103/PhysRevB.52.8226},
    number = {11},
    journal = prb,
    author = {Jona, F. and Thompson, W. A. and Marcus, P. M.},
    month = sep,
    year = {1995},
    pages = {8226--8230}
}

@article{kaxirasPRB88,
    title = {Hydrogenation of semiconductor surfaces: {Si} and {Ge} (111)},
    volume = {37},
    shorttitle = {Hydrogenation of semiconductor surfaces},
    doi = {10.1103/PhysRevB.37.8842},
    number = {15},
    journal = prb,
    author = {Kaxiras, E. and Joannopoulos, J. D.},
    month = may,
    year = {1988},
    pages = {8842--8848}
}

@article{kippPRL96,
    title = {Reflectance Difference Spectroscopy: Experiment and Theory for the Model System {Si(001):As} and Application to Si(001)},
    volume = {76},
    number = {15},
    journal = prl,
    author = {Kipp, L. and Biegelsen, D. and Northrup, J. and Swartz, L.-E. and Bringans, R.},
    month = apr,
    year = {1996},
    pages = {2810--2813}
}

@article{kohnPR65,
    title = {Self-Consistent Equations Including Exchange and Correlation Effects},
    volume = {140},
    doi = {10.1103/PhysRev.140.A1133},
    number = {4A},
    urldate = {2012-10-03},
    journal = {Phys. Rev.},
    author = {Kohn, W. and Sham, L. J.},
    month = nov,
    year = {1965},
    pages = {A1133-A1138}
}

@article{levinePRB91,
    title = {Optical SHG in III-V semiconductors: Detailed formulation and computational results},
    volume = {4},
    journal = prb,
    author = {Levine, Z. H. and Allan, D. C.},
    year = {1991},
    pages = {12781}
}

@article{levinePRL89,
    title = {Linear optical response in silicon and germanium including self-energy effects},
    volume = {63},
    doi = {10.1103/PhysRevLett.63.1719},
    number = {16},
    urldate = {2014-11-19},
    journal = prl,
    author = {Levine, Z. H. and Allan, D. C.},
    month = oct,
    year = {1989},
    pages = {1719-1722}
}

@article{liPRB10,
    title = {Electronic and spectroscopic properties of the hydrogen-terminated {Si}(111) surface from     {\textbackslash}textit\{ab initio\}   calculations},
    volume = {82},
    doi = {10.1103/PhysRevB.82.045321},
    number = {4},
    journal = {Phys. Rev. B},
    author = {Li, Y. and Galli, G.},
    month = jul,
    year = {2010},
    pages = {045321}
}

@article{luceroJPCM12,
    title = {Improved semiconductor lattice parameters and band gaps from a middle-range screened hybrid exchange functional},
    volume = {24},
    doi = {10.1088/0953-8984/24/14/145504},
    language = {en},
    number = {14},
    urldate = {2014-11-19},
    journal = {J. Phys. Condens. Mat.},
    author = {Lucero, M. J. and Henderson, T. M. and Scuseria, G. E.},
    month = apr,
    year = {2012},
    pages = {145504}
}

@article{malardPRB13,
    title = {Observation of intense second harmonic generation from {MoS}\$\{\}\_\{2\}\$ atomic crystals},
    volume = {87},
    doi = {10.1103/PhysRevB.87.201401},
    number = {20},
    journal = prb,
    author = {Malard, L. M. and Alencar, T. V. and Barboza, A. P. M. and Mak, K. F. and de Paula, A. M.},
    month = may,
    year = {2013},
    pages = {201401}
}

@article{mcgilpOE94,
    title = {Probing semiconductor interfaces using nonlinear optical spectroscopy},
    volume = {33},
    doi = {10.1117/12.186373},
    number = {12},
    journal = {Opt. Eng.},
    author = {McGilp, J. F. and Cavanagh, M. and Power, J. R. and O'Mahony, J. D.},
    year = {1994},
    pages = {3895-3900}
}

@article{mcgilpSRL99,
    title = {Second-harmonic generation at semiconductor and metal surfaces},
    volume = {6},
    number = {03n04},
    journal = {Surf. Rev. Lett.},
    author = {McGilp, J. F.},
    year = {1999},
    pages = {529-558}
}

@article{mejiaPRB02,
    title = {Surface second-harmonic generation from Si (111)(1x1) H: Theory versus experiment},
    volume = {66},
    shorttitle = {Surface second-harmonic generation from Si (111)(1\${\textbackslash}times\$ 1) H},
    number = {19},
    journal = prb,
    author = {Mej{\'i}a, J. E. and Mendoza, B. S. and Palummo, M. and Onida, G. and Del Sole, R. and Bergfeld, S. and Daum, W.},
    year = {2002},
    pages = {195329}
}

@article{mejiaRMF04,
    title = {Layer-by-layer analysis of second harmonic generation at a simple surface},
    volume = {50},
    pages = {134-139},
    number = {2},
    journal = rmf,
    author = {Mej{\'i}a, J. E. and Mendoza, B. S. and Salazar, C.},
    year = {2004}
}

@article{mejiaSS11,
    title = {Second harmonic response of the {Si}(111)7{\times}7 surface},
    volume = {605},
    issn = {0039-6028},
    doi = {10.1016/j.susc.2011.02.012},
    number = {9–10},
    journal = {Surf. Sci.},
    author = {Mej{\'i}a, J. E. and Mendoza, B. S. and Pedersen, K.},
    month = may,
    year = {2011},
    pages = {941--946}
}

@article{mendozaPRB01,
    title = {Ab initio calculation of second-harmonic-generation at the Si(100) surface},
    volume = {63},
    doi = {10.1103/PhysRevB.63.205406},
    pages = {205406},
    number = {20},
    journal = prb,
    author = {Mendoza, B. S. and Palummo, M. and Onida, G. and Del Sole, R.},
    year = {2001}
}

@article{mendozaPRB06,
    title = {Layer-by-layer analysis of the linear optical response of clean and hydrogenated Si(100) surfaces},
    volume = {74},
    doi = {10.1103/PhysRevB.74.075318},
    pages = {075318},
    number = {7},
    journal = prb,
    author = {Mendoza, B. S. and Nastos, F. and Arzate, N. and Sipe, J.},
    year = {2006}
}

@article{mendozaPRB96,
    title = {Local-field effect in the second-harmonic-generation spectra of {Si} surfaces},
    volume = {53},
    number = {16},
    journal = prb,
    author = {Mendoza, B. S. and Moch{\'a}n, W. L.},
    year = {1996},
    pages = {10473--10476}
}

@article{mendozaPRB97,
    title = {Polarizable-bond model for second-harmonic generation},
    volume = {55},
    pages = {2489},
    number = {4},
    journal = prb,
    author = {Mendoza, B. S. and Moch{\'a}n, W. L.},
    year = {1997}
}

@article{mendozaPRL98,
    title = {Microscopic theory of second harmonic generation at Si (100) surfaces},
    volume = {81},
    pages = {3781–3784},
    number = {17},
    journal = prl,
    author = {Mendoza, B. S. and Gaggiotti, A. and Del Sole, R.},
    year = {1998}
}

@article{mitchellSS01,
    title = {Second harmonic generation spectroscopy of chemically modified {Si}(1 1 1) surfaces},
    volume = {488},
    issn = {0039-6028},
    doi = {10.1016/S0039-6028(01)01161-X},
    number = {3},
    journal = {Surf. Sci.},
    author = {Mitchell, S. A. and Mehendale, M. and Villeneuve, D. M. and Boukherroub, R.},
    month = aug,
    year = {2001},
    pages = {367--378}
}

@article{miyazakiAPS96,
    title = {Surface {Fermi} level position of hydrogen passivated {Si}(111) surfaces},
    volume = {68},
    issn = {0003-6951, 1077-3118},
    doi = {10.1063/1.115941},
    number = {9},
    journal = {App. Phys. Lett.},
    author = {Miyazaki, S. and Schäfer, J. and Ristein, J. and Ley, L.},
    month = feb,
    year = {1996},
    pages = {1247--1249}
}

@article{mizrahiJOSA88,
    title = {Phenomenological treatment of surface second-harmonic generation},
    volume = {5},
    pages = {660-667},
    number = {3},
    journal = josab,
    author = {Mizrahi, V. and Sipe, J. E.},
    year = {1988}
}

@article{nastosPRB05,
    title = {Scissors implementation within length-gauge formulations of the frequency-dependent nonlinear optical response of semiconductors},
    volume = {72},
    doi = {10.1103/PhysRevB.72.045223},
    pages = {045223},
    number = {4},
    journal = prb,
    author = {Nastos, F. and Olejnik, B. and Schwarz, K. and Sipe, J. E.},
    year = {2005}
}

@article{nicolasPRB14,
    title = {Effect of material properties on the accuracy of antiresonant approximation: Linear and second-order optical responses},
    volume = {90},
    shorttitle = {Effect of material properties on the accuracy of antiresonant approximation},
    doi = {10.1103/PhysRevB.90.035212},
    number = {3},
    urldate = {2014-11-19},
    journal = prb,
    author = {Tancogne-Dejean, N. and Mendoza, B. S. and V{\'e}niard, V.},
    month = jul,
    year = {2014},
    pages = {035212}
}

@article{onidaRMP02,
    title = {Electronic excitations: density-functional versus many-body Green’s-function approaches},
    volume = {74},
    shorttitle = {Electronic excitations},
    number = {2},
    urldate = {2013-04-20},
    journal = {Rev. Mod. Phys.},
    author = {Onida, G. and Reining, L. and Rubio, A.},
    year = {2002},
    pages = {601}
}

@article{reiningPRB94,
    title = {Microscopic calculation of second-harmonic generation at semiconductor surfaces: {As/Si(111)} as a test case},
    volume = {50},
    doi = {10.1103/PhysRevB.50.8411},
    shorttitle = {Microscopic calculation of second-harmonic generation at semiconductor surfaces},
    pages = {8411-8422},
    number = {12},
    journal = prb,
    author = {Reining, L. and Del Sole, R. and Cini, M. and Ping, J. G.},
    year = {1994}
}

@article{shenAPB99,
    title = {Surface contribution versus bulk contribution in surface nonlinear optical spectroscopy},
    volume = {68},
    number = {3},
    journal = {Appl. Phys. B},
    author = {Shen, Y. R.},
    year = {1999},
    pages = {295-300}
}

@article{shenNAT89,
    title = {Surface properties probed by second-harmonic and sum-frequency generation},
    volume = {337},
    doi = {10.1038/337519a0},
    number = {6207},
    journal = {Nature},
    author = {Shen, Y. R.},
    month = feb,
    year = {1989},
    pages = {519-525}
}

@article{sipePRB87,
    title = {Phenomenological theory of optical second- and third-harmonic generation from cubic centrosymmetric crystals},
    volume = {35},
    doi = {10.1103/PhysRevB.35.1129},
    number = {3},
    journal = prb,
    author = {Sipe, J. E. and Moss, D. J. and van Driel, H. M.},
    month = jan,
    year = {1987},
    pages = {1129--1141}
}

@article{trollePRB14,
    title = {Theory of excitonic second-harmonic generation in monolayer {MoS}2},
    volume = {89},
    doi = {10.1103/PhysRevB.89.235410},
    number = {23},
    urldate = {2014-10-30},
    journal = prb,
    author = {Trolle, Mads L. and Seifert, Gotthard and Pedersen, Thomas G.},
    month = jun,
    year = {2014},
    pages = {235410}
}

@article{troullierPRB91,
    title = {Efficient pseudopotentials for plane-wave calculations},
    volume = {43},
    doi = {10.1103/PhysRevB.43.1993},
    number = {3},
    urldate = {2014-11-16},
    journal = prb,
    author = {Troullier, N. and Martins, J. L.},
    month = jan,
    year = {1991},
    pages = {1993-2006}
}

@article{xuJVST97,
    title = {Second harmonic spectroscopy of {Si}(001) surfaces: {Sensitivity} to surface hydrogen and doping, and applications to kinetic measurements},
    volume = {15},
    issn = {2166-2746, 2166-2754},
    shorttitle = {Second harmonic spectroscopy of {Si}(001) surfaces},
    doi = {10.1116/1.589415},
    number = {4},
    journal = {J. Vac. Sci. Technol. B},
    author = {Xu, Z. and Hu, X. F. and Lim, D. and Ekerdt, J. G. and Downer, M. C.},
    month = jul,
    year = {1997},
    pages = {1059--1064}
}

@book{popovbook,
    title={Susceptibility tensors for nonlinear optics},
    author={Popov, S. V. and Svirko, Y. P. and Zheludev, N. I.},
    year={1995},
    publisher={CRC Press}
}   

@book{weastCRC88,
    title={CRC handbook of chemistry and physics},
    author={Weast, R. C. and Astle, M. J. and Beyer, W. H.},
    volume={69},
    year={1988},
    publisher={CRC press Boca Raton, FL}
}

@inproceedings{mendozaEPI04,
    title = {Longitudinal {Gauge} {Theory} of {Second} {Harmonic} {Generation} at {Semiconductor} {Surfaces}},
    volume = {23},
    urldate = {2012-10-02},
    booktitle = {Epioptics-7: {Proceedings} of the 24th {Course} of the {International} {School} of {Solid} {State} {Physics}: {Erice}, {Italy}, 20-26 {July} 2002},
    author = {Mendoza, B. S.},
    year = {2004},
    pages = {52}
}

@misc{abinit,
    OPTkey = {},
    OPTauthor = {},
    OPTtitle = {},
    OPThowpublished = {},
    OPTmonth = {},
    OPTyear = {},
    note = {The ABINIT code is a common project of the Universit{\'e} Catholique de Louvain, 
    Corning Incorporated, and other contributors (URL http://www.abinit.org).}
}

@misc{nicolaspc,
    OPTkey = {},
    OPTauthor = {},
    OPTtitle = {},
    OPThowpublished = {},
    OPTmonth = {},
    OPTyear = {},
    note = {Nicolas Tancogne-Dejean private communication.},
    OPTannote = {}
}

@misc{olevanoDP,
    author = {Olevano, V. and Reining, L. and Sottile, F.},
    note = {http://dp-code.org}
}
