%%%%%%%%%%%%%%%%%%%%%%%%%%%%%%%%%%% Articles %%%%%%%%%%%%%%%%%%%%%%%%%%%%%%%%%%

@article{lindfors2004detection,
  title={Detection and Spectroscopy of Gold Nanoparticles Using Supercontinuum White Light Confocal Microscopy},
  author={Lindfors, K. and Kalkbrenner, T. and Stoller, P. and Sandoghdar, V.},
  journal={Physical Review Letters},
  volume={93},
  number={3},
  pages={37401},
  year={2004},
  publisher={APS}
}

@article{baroli2007penetration,
  title={Penetration of Metallic Nanoparticles in Human Full-Thickness Skin},
  author={Baroli, B. and Ennas, M.G. and Loffredo, F. and Isola, M. and Pinna, R. and L{\'o}pez-Quintela, M.A.},
  journal={Journal of Investigative Dermatology},
  volume={127},
  number={7},
  pages={1701--1712},
  year={2007},
  publisher={Nature Publishing Group}
}

@article{kamyshny2005ink,
  title={Ink-Jet Printing of Metallic Nanoparticles and Microemulsions},
  author={Kamyshny, A. and Ben-Moshe, M. and Aviezer, S. and Magdassi, S.},
  journal={Macromolecular Rapid Communications},
  volume={26},
  number={4},
  pages={281--288},
  year={2005},
  publisher={Wiley Online Library}
}

@article{berciaud2006photothermal,
  title={Photothermal Heterodyne Imaging of Individual Metallic Nanoparticles: Theory Versus Experiment},
  author={Berciaud, S. and Lasne, D. and Blab, G.A. and Cognet, L. and Lounis, B.},
  journal={Physical Review B},
  volume={73},
  number={4},
  pages={045424},
  year={2006},
  publisher={APS}
}

@article{haick2007chemical,
  title={Chemical Sensors Based on Molecularly Modified Metallic Nanoparticles},
  author={Haick, H.},
  journal={Journal of Physics D: Applied Physics},
  volume={40},
  pages={7173},
  year={2007},
  publisher={IOP Publishing}
}

@article{krenn1999squeezing,
  title={Squeezing the Optical Near-Field Zone by Plasmon Coupling of Metallic Nanoparticles},
  author={Krenn, J.R. and Dereux, A. and Weeber, J.C. and Bourillot, E. and Lacroute, Y. and Goudonnet, J.P. and Schider, G. and Gotschy, W. and Leitner, A. and Aussenegg, F.R.},
  journal={Physical Review Letters},
  volume={82},
  number={12},
  pages={2590--2593},
  year={1999},
  publisher={APS}
}

@article{pillai2007surface,
  title={Surface Plasmon Enhanced Silicon Solar Cells},
  author={Pillai, S. and Catchpole, K.R. and Trupke, T. and Green, M.A.},
  journal={Journal of Applied Physics},
  volume={101},
  pages={093105},
  year={2007}
}

@article{li2004water,
  title={Water-Soluble Poly (Acrylic Acid) Grafted Luminescent Silicon Nanoparticles and Their Use as Fluorescent Biological Staining Labels},
  author={Li, Z.F. and Ruckenstein, E.},
  journal={Nano Letters},
  volume={4},
  number={8},
  pages={1463--1467},
  year={2004},
  publisher={ACS Publications}
}

@Article{PhysRev.112.1940,
  title = {Infrared and Optical Masers},
  author = {Schawlow, A.L. and Townes, C.H.},
  journal = {Physical Review},
  volume = {112},
  number = {6},
  pages = {1940--1949},
  numpages = {9},
  year = {1958},
  month = {Dec},
  doi = {10.1103/PhysRev.112.1940},
  publisher = {American Physical Society}
}

@Article{PhysRevLett.7.118,
  title = {Generation of Optical Harmonics},
  author = {Franken, P.A. and Hill, A.E. and Peters, C.W. and Weinreich, G.},
  journal = {Physical Review Letters},
  volume = {7},
  number = {4},
  pages = {118--119},
  numpages = {1},
  year = {1961},
  month = {Aug},
  doi = {10.1103/PhysRevLetters7.118},
  publisher = {American Physical Society}
}

@Article{PhysRev.127.1918,
  title = {Interactions Between Light Waves in a Nonlinear Dielectric},
  author = {Armstrong, J.A. and Bloembergen, N. and Ducuing, J. and Pershan, P.S.},
  journal = {Physical Review},
  volume = {127},
  number = {6},
  pages = {1918--1939},
  numpages = {21},
  year = {1962},
  month = {Sep},
  doi = {10.1103/PhysRev.127.1918},
  publisher = {American Physical Society}
}

@Article{PhysRev.128.606,
  title = {Light Waves at the Boundary of Nonlinear Media},
  author = {Bloembergen, N. and Pershan, P.S.},
  journal = {Physical Review},
  volume = {128},
  number = {2},
  pages = {606--622},
  numpages = {16},
  year = {1962},
  month = {Oct},
  doi = {10.1103/PhysRev.128.606},
  publisher = {American Physical Society}
}

@Article{PhysRevLett.8.404,
  title = {Optical Harmonic Generation in Calcite},
  author = {Terhune, R.W. and Maker, P.D. and Savage, C.M.},
  journal = {Physical Review Letters},
  volume = {8},
  number = {10},
  pages = {404--406},
  numpages = {2},
  year = {1962},
  month = {May},
  doi = {10.1103/PhysRevLetters8.404},
  publisher = {American Physical Society}
}

@Article{PhysRevB.38.7985,
  title = {Bulk Contribution in Surface Second-Harmonic Generation},
  author = {Guyot-Sionnest, P. and Shen, Y.R.},
  journal = {Physical Review B},
  volume = {38},
  number = {12},
  pages = {7985--7989},
  numpages = {4},
  year = {1988},
  month = {Oct},
  doi = {10.1103/PhysRevB.38.7985},
  publisher = {American Physical Society}
}

@Article{PhysRev.174.813,
  title = {Optical Second-Harmonic Generation in Reflection from Media with Inversion Symmetry},
  author = {Bloembergen, N. and Chang, R.K. and Jha, S.S. and Lee, C.H.},
  journal = {Physical Review},
  volume = {174},
  number = {3},
  pages = {813--822},
  numpages = {9},
  year = {1968},
  month = {Oct},
  doi = {10.1103/PhysRev.174.813},
  publisher = {American Physical Society}
}

@Article{PhysRev.178.1218,
  title = {Second-Order Optical Susceptibilities of {III-V} Semiconductors},
  author = {Flytzanis, C. and Ducuing, J. },
  journal = {Physical Review},
  volume = {178},
  number = {3},
  pages = {1218--1228},
  numpages = {10},
  year = {1969},
  month = {Feb},
  doi = {10.1103/PhysRev.178.1218},
  publisher = {American Physical Society}
}

@article{shen89nature,
    author = {Shen, Y.R.},
    day = {09},
    doi = {10.1038/337519a0},
    journal = {Nature},
    month = feb,
    number = {6207},
    pages = {519--525},
    publisher = {Nature Publishing Group},
    title = {{Surface properties probed by second-harmonic and sum-frequency generation}},
    volume = {337},
    year = {1989}
}

@article{Moulton:86, 
  author = {Moulton, P.F.}, 
  journal = {Journal of the Optical Society of America B}, 
  keywords = {},
  number = {1}, 
  pages = {125--133}, 
  publisher = {OSA},
  title = {Spectroscopic and Laser Characteristics of {Ti:Al$_2$O$_3$}}, 
  volume = {3}, 
  month = {Jan},
  year = {1986},
  url = {http://josab.osa.org/abstract.cfm?URI=josab-3-1-125},
  doi = {10.1364/JOSAB.3.000125}
}

@article{Strickland1985447,
  title = {Compression of Amplified Chirped Optical Pulses},
  journal = {Optics Communications},
  volume = {55},
  number = {6},
  pages = {447 - 449},
  year = {1985},
  issn = {0030-4018},
  doi = {DOI: 10.1016/0030-4018(85)90151-8},
  url = {http://www.sciencedirect.com/science/article/B6TVF-46JGW3M-1BX/2/ef583949f08c6e26c541eeff02c32fa1},
  author = {Strickland, D. and Mourou, G.}
}

@Article{PhysRevB.53.10751,
  title = {Calculation of Second-Order Optical Response in Semiconductors},
  author = {Hughes, J.L.P. and Sipe, J.E.},
  journal = {Physical Review B},
  volume = {53},
  number = {16},
  pages = {10751--10763},
  numpages = {12},
  year = {1996},
  month = {Apr},
  doi = {10.1103/PhysRevB.53.10751},
  publisher = {American Physical Society}
}

@Article{PhysRevB.53.4999,
  title = {Exactly Solvable Model of Surface Second-Harmonic Generation},
  author = {Mendoza, B.S. and Moch{\'a}n, W.L.},
  journal = {Physical Review B},
  volume = {53},
  number = {8},
  pages = {4999--5006},
  numpages = {7},
  year = {1996},
  month = {Feb},
  doi = {10.1103/PhysRevB.53.4999},
  publisher = {American Physical Society}
}

@Article{PhysRevB.60.14334,
  title = {Visible-Infrared Sum and Difference Frequency Generation at Adsorbate-Covered {Au}},
  author = {Mendoza, B.S. and Moch{\'a}n, W.L. and Maytorena, J.A.},
  journal = {Physical Review B},
  volume = {60},
  number = {20},
  pages = {14334--14340},
  numpages = {6},
  year = {1999},
  month = {Nov},
  doi = {10.1103/PhysRevB.60.14334},
  publisher = {American Physical Society}
}

@Article{PhysRevB.55.2489,
  title = {Polarizable-Bond Model for Second-Harmonic Generation},
  author = {Mendoza, B.S. and Moch{\'a}n, W.L.},
  journal = {Physical Review B},
  volume = {55},
  number = {4},
  pages = {2489--2502},
  numpages = {13},
  year = {1997},
  month = {Jan},
  doi = {10.1103/PhysRevB.55.2489},
  publisher = {American Physical Society}
}

@Article{PhysRevB.57.2569,
  title = {Theory of Surface Sum Frequency Generation Spectroscopy},
  author = {Maytorena, J.A. and Mendoza, B.S. and Moch{\'a}n, W.L.},
  journal = {Physical Review B},
  volume = {57},
  number = {4},
  pages = {2569--2579},
  numpages = {10},
  year = {1998},
  month = {Jan},
  doi = {10.1103/PhysRevB.57.2569},
  publisher = {American Physical Society}
}

@article{Lupke199975,
  title = {Characterization of Semiconductor Interfaces by Second-Harmonic Generation},
  journal = {Surface Science Reports},
  volume = {35},
  number = {3-4},
  pages = {75 - 161},
  year = {1999},
  issn = {0167-5729},
  doi = {DOI: 10.1016/S0167-5729(99)00007-2},
  url = {http://www.sciencedirect.com/science/article/B6TVY-3Y2NBB6-1/2/bc1721bfdcb2881902d37a137c251260},
  author = {L{\"u}pke, G.}
}

@Article{PhysRevLett.46.145,
  title = {Surface-Enhanced Second-Harmonic Generation},
  author = {Chen, C.K. and de Castro, A.R.B. and Shen, Y.R.},
  journal = {Physical Review Letters},
  volume = {46},
  number = {2},
  pages = {145--148},
  numpages = {3},
  year = {1981},
  month = {Jan},
  doi = {10.1103/PhysRevLetters46.145},
  publisher = {American Physical Society}
}

@article{PhysRevB.84.165316,
  journal = {Physical Review B},
  month = {Oct},
  doi = {10.1103/PhysRevB.84.165316},
  issue = {16},
  author = {Wei, J. and Wirth, A. and Downer, M.C. and Mendoza, B.S.},
  title = {Second-Harmonic and Linear Optical Spectroscopic Study of Silicon Nanocrystals Embedded in {SiO$_{2}$}},
  year = {2011},
  url = {http://link.aps.org/doi/10.1103/PhysRevB.84.165316},
  publisher = {American Physical Society},
  numpages = {15},
  pages = {165316},
  volume = {84}
}

@article{wilhelm1997sub,
  title={Sub-20-fs Pulses Tunable Across the Visible From a Blue-Pumped Single-Pass Noncollinear Parametric Converter},
  author={Wilhelm, T. and Piel, J. and Riedle, E.},
  journal={Optics Letters},
  volume={22},
  number={19},
  pages={1494--1496},
  year={1997},
  publisher={Optical Society of America}
}

@article{bodnar2010dual,
  title={A Dual-Pumping Geometry for Non-collinear Optical Parametric Amplification},
  author={Bodnar, N.},
  journal={Electrical Engineering},
  year={2010}
}

@article{huber2001noncollinear,
  title={Noncollinear Optical Parametric Amplifiers with Output Parameters Improved by the Application of a White Light Continuum Generated in {CaF$_2$}},
  author={Huber, R. and Satzger, H. and Zinth, W. and Wachtveitl, J.},
  journal={Optics Communications},
  volume={194},
  number={4-6},
  pages={443--448},
  year={2001},
  publisher={Elsevier}
}

@article{rodriguez2009large,
  title={Large and Anisotropic Third-Order Nonlinear Optical Response from Anisotropy-Controlled Metallic Nanocomposites},
  author={Rodr{\'i}guez, V. and Silva, H.G. and Torres, C. and Reyes, J.A. and Cheang, J.C. and Crespo, A. and Rodr{\'i}guez, L. and L{\'o}pez, A. and Oliver, A.},
  journal={Optics Communications},
  volume={282},
  number={20},
  pages={4157--4161},
  year={2009},
  publisher={Elsevier}
}

@article{rocha2011second,
  title={Second-Order Nonlinear Response of Composites Containing Aligned Elongated Silver Nanoparticles},
  author={Rocha, I. and Rangel, R. and Rodr{\'i}guez, L. and Oliver, A.},
  journal={Optics Express},
  volume={19},
  number={22},
  pages={21575--21587},
  year={2011},
  publisher={Optical Society of America}
}

@article{silva2010high,
  title={High Stability of the Crystalline Configuration of {Au} Nanoparticles Embedded in Silica Under Ion and Electron Irradiation},
  author={Silva, H.G. and Arenas, J. and Rodr{\'i}guez, L. and Crespo, A. and Cheang, J.C. and Reyes, J.A. and Oliver, A.},
  journal={Journal of Nanoparticle Research},
  volume={12},
  number={5},
  pages={1787--1795},
  year={2010},
  publisher={Springer}
}

@article{torres2008optical,
  title={Optical Third-Order Nonlinearity by Nanosecond and Picosecond Pulses in {Cu} Nanoparticles in Ion-Implanted Silica},
  author={Torres, C. and Reyes, J.A. and Cheang, J.C. and Crespo, A. and Rodr{\'i}guez, L. and Oliver, A.},
  journal={Journal of Applied Physics},
  volume={104},
  number={1},
  pages={014306--014306},
  year={2008},
  publisher={AIP}
}

@article{reyes2009anisotropic,
  title={Anisotropic Linear and Nonlinear Optical Properties from Anisotropy-Controlled Metallic Nanocomposites},
  author={Reyes, J.A. and Rodr{\'i}guez, V. and Silva, H.G. and Torres, C. and Santiago, A.L. and Cheang, J.C. and Crespo, A. and Rodr{\'i}guez, L. and L{\'o}pez, A. and Oliver, A.},
  journal={Optics Express},
  volume={17},
  number={15},
  pages={12849--12868},
  year={2009},
  publisher={Optical Society of America}
}


@inproceedings{fernandez2011nonlinear,
  title={Nonlinear Optical Spectroscopy of Isotropic and Anisotropic Metallic Nanocomposites},
  author={Fern{\'a}ndez, R.C. and Gleason, R. and Torres, C. and Cheang, J.C. and Crespo, A. and Rodr{\'i}guez, L. and L{\'o}pez, A. and Rangel, R. and Oliver, A. and Reyes, J.A.},
  booktitle={Journal of Physics: Conference Series},
  volume={274},
  pages={012074},
  year={2011},
  organization={IOP Publishing}
}

@article{zhang2003spectroscopic,
  title={Spectroscopic Ellipsometric Evaluation of Gold Nanoparticle Thin Films Fabricated Using Layer-by-Layer Self-Assembly},
  author={Zhang, H.L. and Evans, S.D. and Henderson, J.R.},
  journal={Advanced materials},
  volume={15},
  number={6},
  pages={531--534},
  year={2003},
  publisher={Wiley Online Library}
}

@article{schaadt2005enhanced,
  title={Enhanced Semiconductor Optical Absorption Via Surface Plasmon Excitation in Metal Nanoparticles},
  author={Schaadt, D.M. and Feng, B. and Yu, E.T.},
  journal={Applied Physics Letters},
  volume={86},
  pages={063106},
  year={2005}
}

@article{lin2005one,
  title={One-Dimensional Plasmon Coupling by Facile Self-Assembly of Gold Nanoparticles into Branched Chain Networks},
  author={Lin, S. and Li, M. and Dujardin, E. and Girard, C. and Mann, S.},
  journal={Advanced Materials},
  volume={17},
  number={21},
  pages={2553--2559},
  year={2005},
  publisher={Wiley Online Library}
}

@article{wirth2008second,
  title={Second-Harmonic Spectroscopy of {Si} Nanocrystals Embedded in Silica},
  author={Wirth, A. and Wei, J. and Gielis, J.J.H. and Figliozzi, P. and Rafaelsen, J. and An, Y.Q. and Downer, M.C.},
  journal={Physica Status Solidi C},
  volume={5},
  number={8},
  pages={2662--2666},
  year={2008},
  publisher={Wiley Online Library}
}

@article{figliozzi2005single,
  title={Single-Beam and Enhanced Two-Beam Second-Harmonic Generation from Silicon Nanocrystals by Use of Spatially Inhomogeneous Femtosecond Pulses},
  author={Figliozzi, P. and Sun, L. and Jiang, Y. and Matlis, N. and Mattern, B. and Downer, M.C. and Withrow, S.P. and White, C.W. and Moch{\'a}n, W.L. and Mendoza, B.S.},
  journal={Physical Review Letters},
  volume={94},
  number={4},
  pages={47401},
  year={2005},
  publisher={APS}
}

@article{wang2009surface,
  title={Surface and Bulk Contributions to the Second-Order Nonlinear Optical Response of a Gold Film},
  author={Wang, F.X. and Rodr{\'i}guez, F.J. and Albers, W.M. and Ahorinta, R. and Sipe, J.E. and Kauranen, M.},
  journal={Physical Review B},
  volume={80},
  number={23},
  pages={233402},
  year={2009},
  publisher={APS}
}

@article{cattaneo2003determination,
  title={Determination of Second-Order Susceptibility Components of Thin Films by Two-Beam Second-Harmonic Generation},
  author={Cattaneo, S. and Kauranen, M.},
  journal={Optics Letters},
  volume={28},
  number={16},
  pages={1445--1447},
  year={2003},
  publisher={Optical Society of America}
}

@article{dadap1999second,
  title={Second-Harmonic {R}ayleigh Scattering from a Sphere of Centrosymmetric Material},
  author={Dadap, J.I. and Shan, J. and Eisenthal, K.B. and Heinz, T.F.},
  journal={Physical Review Letters},
  volume={83},
  number={20},
  pages={4045--4048},
  year={1999},
  publisher={APS}
}

@article{dadap2004theory,
  title={Theory of Optical Second-Harmonic Generation from a Sphere of Centrosymmetric Material: Small-Particle Limit},
  author={Dadap, J.I. and Shan, J. and Heinz, T.F.},
  journal={Journal of the Optical Society of America B},
  volume={21},
  number={7},
  pages={1328--1347},
  year={2004},
  publisher={Optical Society of America}
}

@article{brudny2000second,
  title={Second-Harmonic Generation from Spherical Particles},
  author={Brudny, V.L. and Mendoza, B.S. and Moch{\'a}n, W.L.},
  journal={Physical Review B},
  volume={62},
  number={16},
  pages={11152},
  year={2000},
  publisher={APS}
}

@article{shan2006experimental,
  title={Experimental Study of Optical Second-Harmonic Scattering from Spherical Nanoparticles},
  author={Shan, J. and Dadap, J.I. and Stiopkin, I. and Reider, G.A. and Heinz, T.F.},
  journal={Physical Review A},
  volume={73},
  number={2},
  pages={023819},
  year={2006},
  publisher={APS}
}

@article{mcgilp1999second,
  title={Second-Harmonic Generation at Semiconductor and Metal Surfaces},
  author={McGilp, J.F.},
  journal={Surface Review and Letters},
  volume={6},
  number={3-4},
  pages={529--558},
  year={1999},
  publisher={Singapore: World Scientific}
}

@article{scheidt2004optical,
  title={Optical Second Harmonic Imaging: A Versatile Tool to Investigate Semiconductor Surfaces and Interfaces},
  author={Scheidt, T. and Rohwer, E.G. and von Bergmann, H.M. and Stafast, H.},
  journal={The European Physical Journal Applied Physics},
  volume={27},
  number={1-3},
  pages={393--397},
  year={2004},
  publisher={Cambridge Univ Press}
}

@article{mcgilp1996review,
  title={A Review of Optical Second-Harmonic and Sum-Frequency Generation at Surfaces and Interfaces},
  author={McGilp, J.F.},
  journal={Journal of Physics D: Applied Physics},
  volume={29},
  pages={1812},
  year={1996},
  publisher={IOP Publishing}
}

@article{aktsipetrov1997dc,
  title={{D.C.} Electric Field Induced Second-Harmonic Generation Spectroscopy of the {Si}(001)-{SiO$_2$} Interface: Separation of the Bulk and Surface Non-Linear Contributions},
  author={Aktsipetrov, O.A. and Fedyanin, A.A. and Melnikov, A.V. and Dadap, J.I. and Hu, X.F. and Anderson, M.H. and Downer, M.C. and Lowell, J.K.},
  journal={Thin Solid Films},
  volume={294},
  number={1-2},
  pages={231--234},
  year={1997},
  publisher={Elsevier}
}

@article{zeng2009classical,
  title={Classical Theory for Second-Harmonic Generation from Metallic Nanoparticles},
  author={Zeng, Y. and Hoyer, W. and Liu, J. and Koch, S.W. and Moloney, J.V.},
  journal={Physical Review B},
  volume={79},
  number={23},
  pages={235109},
  year={2009},
  publisher={APS}
}

@article{downer2001optical,
  title={Optical Second Harmonic Spectroscopy of Silicon Surfaces, Interfaces and Nanocrystals},
  author={Downer, M.C. and Jiang, Y. and Lim, D. and Mantese, L. and Wilson, P.T. and Mendoza, B.S. and Gavrilenko, V.I.},
  journal={Physica Status Solidi A},
  volume={188},
  number={4},
  pages={1371--1381},
  year={2001},
  publisher={Wiley Online Library}
}

@article{sipe1987fundamental,
  title={Fundamental Difficulty in the Use of Second-Harmonic Generation as a Strictly Surface Probe},
  author={Sipe, J.E. and Mizrahi, V. and Stegeman, G.I.},
  journal={Physical Review B},
  volume={35},
  number={17},
  pages={9091--9094},
  year={1987}
}

@article{bloembergen1999surface,
  title={Surface Nonlinear Optics: A Historical Overview},
  author={Bloembergen, N.},
  journal={Applied Physics B: Lasers and Optics},
  volume={68},
  number={3},
  pages={289--293},
  year={1999},
  publisher={Springer}
}

@article{shen1999surface,
  title={Surface Contribution Versus Bulk Contribution in Surface Nonlinear Optical Spectroscopy},
  author={Shen, Y.R.},
  journal={Applied Physics B: Lasers and Optics},
  volume={68},
  number={3},
  pages={295--300},
  year={1999},
  publisher={Springer}
}

@article{liebsch1999theory,
  title={Theory of Sum Frequency Generation from Metal Surfaces},
  author={Liebsch, A.},
  journal={Applied Physics B: Lasers and Optics},
  volume={68},
  number={3},
  pages={301--304},
  year={1999},
  publisher={Springer}
}

@article{feth2008second,
  title={Second-Harmonic Generation from Complementary Split-Ring Resonators},
  author={Feth, N. and Linden, S. and Klein, M.W. and Decker, M. and Niesler, F.B.P. and Zeng, Y. and Hoyer, W. and Liu, J. and Koch, S.W. and Moloney, J.V.},
  journal={Optics Letters},
  volume={33},
  number={17},
  pages={1975--1977},
  year={2008},
  publisher={Optical Society of America}
}

@article{klein2007experiments,
  title={Experiments on Second-and Third-Harmonic Generation from Magnetic Metamaterials},
  author={Klein, M.W. and Wegener, M. and Feth, N. and Linden, S.},
  journal={Optics Express},
  volume={15},
  number={8},
  pages={5238--5247},
  year={2007},
  publisher={Optical Society of America}
}

@article{link2003optical,
  title={Optical Properties and Ultrafast Dynamics of Metallic Nanocrystals},
  author={Link, S. and El-Sayed, M.A.},
  journal={Annual Review of Physical Chemistry},
  volume={54},
  number={1},
  pages={331--366},
  year={2003},
  publisher={Annual Reviews}
}

@article{heinz1991second,
  title={Second-Order Nonlinear Optical Effects at Surfaces and Interfaces},
  author={Heinz, T.F.},
  journal={Nonlinear Surface Electromagnetic Phenomena},
  pages={353--416},
  year={1991},
  publisher={Elsevier}
}

@article{mochán2003second,
  title={Second-Harmonic Generation in Arrays of Spherical Particles},
  author={Moch{\'a}n, W.L. and Maytorena, J.A. and Mendoza, B.S. and Brudny, V.L.},
  journal={Physical Review B},
  volume={68},
  number={8},
  pages={085318},
  year={2003},
  publisher={APS}
}

@article{gale1995sub,
  title={Sub-20-fs Tunable Pulses in the Visible from an 82-{MHz} Optical Parametric Oscillator},
  author={Gale, G.M. and Cavallari, M. and Driscoll, T.J. and Hache, F.},
  journal={Optics Letters},
  volume={20},
  number={14},
  pages={1562--1564},
  year={1995},
  publisher={Optical Society of America}
}

@article{leecascaded,
  title={Cascaded Nonlinear Optical Mixing in a Noncollinear Optical Parametric Amplifier},
  author={Lee, C.K.},
  journal={Advances in Optical Amplifiers},
  year={2011},
  publisher={InTech}
}

@article{lax1962nonlinear,
  title={Nonlinear Interband and Plasma Effects in Solids},
  author={Lax, B. and Mavroides, J.G. and Edwards, D.F.},
  journal={Physical Review Letters},
  volume={8},
  number={4},
  pages={166--168},
  year={1962},
  publisher={APS}
}

@inproceedings{sun2005quadrupolar,
  title={Quadrupolar {SHG} Enhancement in Isotropic Materials Using Two Orthogonally Polarized Laser Beams},
  author={Sun, L. and Figliozzi, P. and An, Y.Q. and Downer, M.C. and Mochan, W.L. and Mendoza, B.S.},
  booktitle={Quantum Electronics and Laser Science Conference},
  volume={1},
  pages={274--276},
  year={2005},
  organization={IEEE}
}

@article{sun2005nonresonant,
  title={Nonresonant Quadrupolar Second-harmonic Generation in Isotropic Solids by Use of Two Orthogonally Polarized Laser Beams},
  author={Sun, L. and Figliozzi, P. and An, Y.Q. and Downer, M.C. and Moch{\'a}n, W.L. and Mendoza, B.S.},
  journal={Optics Letters},
  volume={30},
  number={17},
  pages={2287--2289},
  year={2005},
  publisher={Optical Society of America}
}

%%%%%%%%%%%%%%%%%%%%%%%%%%%%%%%%% Books %%%%%%%%%%%%%%%%%%%%%%%%%%%%%%%%%%
@Book{nla.cat-vn2583352,
  author = {Siegman, A.E.},
  title = {Lasers},
  isbn = {0935702115},
  publisher = {University Science Books},
  pages = {xxii, 1283 p. :},
  year = {1986},
  type = {Book},
  language = {English},
  subjects = {Laser beams.; Lasers.; Lasers - Resonators.},
  catalogue-url = {http://nla.gov.au/nla.cat-vn2583352}
}

@book{boyd2003nonlinear,
  author={Boyd, R.W.},
  title={Nonlinear Optics},
  isbn = {0121216829},
  year={2003},
  publisher={Academic Press}
}

@book{diels2006ultrashort,
  title={Ultrashort Laser Pulse Phenomena},
  author={Diels, J.C. and Rudolph, W.},
  year={2006},
  publisher={Academic Press}
}

@book{shen1984principles,
  title={The Principles of Nonlinear Optics},
  author={Shen, Y.R.},
  publisher={Wiley-Interscience},
  volume={1},
  year={1984}
}

%%%%%%%%%%%%%%%%%%%%%%%%%%%%%% Theses %%%%%%%%%%%%%%%%%%%%%%%%%%%%%%%%%%%
@phdthesis{janner1998exciton,
	title={Second-Harmonic Generation, a Selective Probe for Excitons},
	author={Janner, A.M.},
	school={University of Groningen},
	year={1998}
}

@phdthesis{carrilles2005shg,
	title={Nonlinear Optical Characterization of {Si}/High-{$\kappa$} Dielectric Interfaces},
	author={Carriles, R.},
	school={University of Texas at Austin},
	year={2005}
}

@phdthesis{figliozzi2007shg,
	title={Second Harmonic Spectroscopy of Silicon Nanocrystals},
	author={Figliozzi, P.},
	school={University of Texas at Austin},
	year={2007}
}

@phdthesis{powell2000shg,
	title={In- and Ex-Situ Analysis of Silicon Oxide, Silicon Oxynitride, and Silicon Nitride Interfaces by Second Harmonic Generation and Correlation with Other Linear Optical Techniques},
	author={Powell, G.D.},
	school={North Carolina State University},
	year={2000}
}

@phdthesis{ji2005chiral,
	title={Sum-Frequency Generation from Chiral Media and Interfaces},
	author={Ji, N.},
	school={University of California, Berkeley},
	year={2005}
}

@phdthesis{mcmahon2006nanopart,
	title={Effects of Geometrical Order on the Linear and Nonlinear Optical Properties of Metal Nanoparticles},
	author={McMahon, M.D.},
	school={Vanderbilt University},
	year={2006}
}

@phdthesis{kempf1998cryst,
	title={Second, Third, and Fourth Harmonic Generation at Crystalline {Si}(110) and {Si}(111) Surfaces},
	author={Kempf, R.W.},
	school={University of Texas at Austin},
	year={1998}
}
