@article{PhysRev.112.1940,
  author =        {Schawlow, A.L. and Townes, C.H.},
  journal =       {Physical Review},
  number =        {6},
  pages =         {1940--1949},
  publisher =     {American Physical Society},
  title =         {Infrared and Optical Masers},
  volume =        {112},
  year =          {1958},
  doi =           {10.1103/PhysRev.112.1940},
}

@article{PhysRevLett.7.118,
  author =        {Franken, P.A. and Hill, A.E. and Peters, C.W. and
                   Weinreich, G.},
  journal =       {Physical Review Letters},
  number =        {4},
  pages =         {118--119},
  publisher =     {American Physical Society},
  title =         {Generation of Optical Harmonics},
  volume =        {7},
  year =          {1961},
  doi =           {10.1103/PhysRevLetters7.118},
}

@article{PhysRev.127.1918,
  author =        {Armstrong, J.A. and Bloembergen, N. and Ducuing, J. and
                   Pershan, P.S.},
  journal =       {Physical Review},
  number =        {6},
  pages =         {1918--1939},
  publisher =     {American Physical Society},
  title =         {Interactions Between Light Waves in a Nonlinear
                   Dielectric},
  volume =        {127},
  year =          {1962},
  doi =           {10.1103/PhysRev.127.1918},
}

@article{PhysRev.128.606,
  author =        {Bloembergen, N. and Pershan, P.S.},
  journal =       {Physical Review},
  number =        {2},
  pages =         {606--622},
  publisher =     {American Physical Society},
  title =         {Light Waves at the Boundary of Nonlinear Media},
  volume =        {128},
  year =          {1962},
  doi =           {10.1103/PhysRev.128.606},
}

@article{PhysRevLett.8.404,
  author =        {Terhune, R.W. and Maker, P.D. and Savage, C.M.},
  journal =       {Physical Review Letters},
  number =        {10},
  pages =         {404--406},
  publisher =     {American Physical Society},
  title =         {Optical Harmonic Generation in Calcite},
  volume =        {8},
  year =          {1962},
  doi =           {10.1103/PhysRevLetters8.404},
}

@article{lax1962nonlinear,
  author =        {Lax, B. and Mavroides, J.G. and Edwards, D.F.},
  journal =       {Physical Review Letters},
  number =        {4},
  pages =         {166--168},
  publisher =     {APS},
  title =         {Nonlinear Interband and Plasma Effects in Solids},
  volume =        {8},
  year =          {1962},
}

@article{PhysRev.174.813,
  author =        {Bloembergen, N. and Chang, R.K. and Jha, S.S. and
                   Lee, C.H.},
  journal =       {Physical Review},
  number =        {3},
  pages =         {813--822},
  publisher =     {American Physical Society},
  title =         {Optical Second-Harmonic Generation in Reflection from
                   Media with Inversion Symmetry},
  volume =        {174},
  year =          {1968},
  doi =           {10.1103/PhysRev.174.813},
}

@article{PhysRev.178.1218,
  author =        {Flytzanis, C. and Ducuing, J.},
  journal =       {Physical Review},
  number =        {3},
  pages =         {1218--1228},
  publisher =     {American Physical Society},
  title =         {Second-Order Optical Susceptibilities of {III-V}
                   Semiconductors},
  volume =        {178},
  year =          {1969},
  doi =           {10.1103/PhysRev.178.1218},
}

@book{nla.cat-vn2583352,
  author =        {Siegman, A.E.},
  pages =         {xxii, 1283 p. :},
  publisher =     {University Science Books},
  type =          {Book},
  title =         {Lasers},
  year =          {1986},
  isbn =          {0935702115},
  language =      {English},
}

@article{PhysRevLett.46.145,
  author =        {Chen, C.K. and de Castro, A.R.B. and Shen, Y.R.},
  journal =       {Physical Review Letters},
  number =        {2},
  pages =         {145--148},
  publisher =     {American Physical Society},
  title =         {Surface-Enhanced Second-Harmonic Generation},
  volume =        {46},
  year =          {1981},
  doi =           {10.1103/PhysRevLetters46.145},
}

@article{PhysRevB.38.7985,
  author =        {Guyot-Sionnest, P. and Shen, Y.R.},
  journal =       {Physical Review B},
  number =        {12},
  pages =         {7985--7989},
  publisher =     {American Physical Society},
  title =         {Bulk Contribution in Surface Second-Harmonic
                   Generation},
  volume =        {38},
  year =          {1988},
  doi =           {10.1103/PhysRevB.38.7985},
}

@article{shen89nature,
  author =        {Shen, Y.R.},
  journal =       {Nature},
  number =        {6207},
  pages =         {519--525},
  publisher =     {Nature Publishing Group},
  title =         {{Surface properties probed by second-harmonic and
                   sum-frequency generation}},
  volume =        {337},
  year =          {1989},
  doi =           {10.1038/337519a0},
}

@article{PhysRevB.53.10751,
  author =        {Hughes, J.L.P. and Sipe, J.E.},
  journal =       {Physical Review B},
  number =        {16},
  pages =         {10751--10763},
  publisher =     {American Physical Society},
  title =         {Calculation of Second-Order Optical Response in
                   Semiconductors},
  volume =        {53},
  year =          {1996},
  doi =           {10.1103/PhysRevB.53.10751},
}

@article{PhysRevB.53.4999,
  author =        {Mendoza, B.S. and Moch{\'a}n, W.L.},
  journal =       {Physical Review B},
  number =        {8},
  pages =         {4999--5006},
  publisher =     {American Physical Society},
  title =         {Exactly Solvable Model of Surface Second-Harmonic
                   Generation},
  volume =        {53},
  year =          {1996},
  doi =           {10.1103/PhysRevB.53.4999},
}

@article{PhysRevB.60.14334,
  author =        {Mendoza, B.S. and Moch{\'a}n, W.L. and
                   Maytorena, J.A.},
  journal =       {Physical Review B},
  number =        {20},
  pages =         {14334--14340},
  publisher =     {American Physical Society},
  title =         {Visible-Infrared Sum and Difference Frequency
                   Generation at Adsorbate-Covered {Au}},
  volume =        {60},
  year =          {1999},
  doi =           {10.1103/PhysRevB.60.14334},
}

@article{PhysRevB.55.2489,
  author =        {Mendoza, B.S. and Moch{\'a}n, W.L.},
  journal =       {Physical Review B},
  number =        {4},
  pages =         {2489--2502},
  publisher =     {American Physical Society},
  title =         {Polarizable-Bond Model for Second-Harmonic
                   Generation},
  volume =        {55},
  year =          {1997},
  doi =           {10.1103/PhysRevB.55.2489},
}

@article{PhysRevB.57.2569,
  author =        {Maytorena, J.A. and Mendoza, B.S. and
                   Moch{\'a}n, W.L.},
  journal =       {Physical Review B},
  number =        {4},
  pages =         {2569--2579},
  publisher =     {American Physical Society},
  title =         {Theory of Surface Sum Frequency Generation
                   Spectroscopy},
  volume =        {57},
  year =          {1998},
  doi =           {10.1103/PhysRevB.57.2569},
}

@article{downer2001optical,
  author =        {Downer, M.C. and Jiang, Y. and Lim, D. and
                   Mantese, L. and Wilson, P.T. and Mendoza, B.S. and
                   Gavrilenko, V.I.},
  journal =       {Physica Status Solidi A},
  number =        {4},
  pages =         {1371--1381},
  publisher =     {Wiley Online Library},
  title =         {Optical Second Harmonic Spectroscopy of Silicon
                   Surfaces, Interfaces and Nanocrystals},
  volume =        {188},
  year =          {2001},
}

@article{Lupke199975,
  author =        {L{\"u}pke, G.},
  journal =       {Surface Science Reports},
  number =        {3-4},
  pages =         {75-161},
  title =         {Characterization of Semiconductor Interfaces by
                   Second-Harmonic Generation},
  volume =        {35},
  year =          {1999},
  doi =           {DOI: 10.1016/S0167-5729(99)00007-2},
  issn =          {0167-5729},
  url =           {http://www.sciencedirect.com/science/article/B6TVY-3Y2NBB6-
                  1/2/bc1721bfdcb2881902d37a137c251260},
}

@article{Moulton:86,
  author =        {Moulton, P.F.},
  journal =       {Journal of the Optical Society of America B},
  number =        {1},
  pages =         {125--133},
  publisher =     {OSA},
  title =         {Spectroscopic and Laser Characteristics of
                   {Ti:Al$_2$O$_3$}},
  volume =        {3},
  year =          {1986},
  doi =           {10.1364/JOSAB.3.000125},
  url =           {http://josab.osa.org/abstract.cfm?URI=josab-3-1-125},
}

@article{Strickland1985447,
  author =        {Strickland, D. and Mourou, G.},
  journal =       {Optics Communications},
  number =        {6},
  pages =         {447-449},
  title =         {Compression of Amplified Chirped Optical Pulses},
  volume =        {55},
  year =          {1985},
  doi =           {DOI: 10.1016/0030-4018(85)90151-8},
  issn =          {0030-4018},
  url =           {http://www.sciencedirect.com/science/article/B6TVF-46JGW3M-
                  1BX/2/ef583949f08c6e26c541eeff02c32fa1},
}

@book{boyd2003nonlinear,
  author =        {Boyd, R.W.},
  publisher =     {Academic Press},
  title =         {Nonlinear Optics},
  year =          {2003},
  isbn =          {0121216829},
}

@phdthesis{janner1998exciton,
  author =        {Janner, A.M.},
  school =        {University of Groningen},
  title =         {Second-Harmonic Generation, a Selective Probe for
                   Excitons},
  year =          {1998},
}

@book{jacksonbook,
  author =        {Jackson, J. D.},
  edition =       {3rd Edition},
  pages =         {832},
  publisher =     {Wiley-VCH},
  title =         {Classical Electrodynamics, 3rd Edition},
  year =          {1998},
}

@article{bloembergen1999surface,
  author =        {Bloembergen, N.},
  journal =       {Applied Physics B: Lasers and Optics},
  number =        {3},
  pages =         {289--293},
  publisher =     {Springer},
  title =         {Surface Nonlinear Optics: A Historical Overview},
  volume =        {68},
  year =          {1999},
}

@article{sipe1987fundamental,
  author =        {Sipe, J.E. and Mizrahi, V. and Stegeman, G.I.},
  journal =       {Physical Review B},
  number =        {17},
  pages =         {9091--9094},
  title =         {Fundamental Difficulty in the Use of Second-Harmonic
                   Generation as a Strictly Surface Probe},
  volume =        {35},
  year =          {1987},
}

@article{shen1999surface,
  author =        {Shen, Y.R.},
  journal =       {Applied Physics B: Lasers and Optics},
  number =        {3},
  pages =         {295--300},
  publisher =     {Springer},
  title =         {Surface Contribution Versus Bulk Contribution in
                   Surface Nonlinear Optical Spectroscopy},
  volume =        {68},
  year =          {1999},
}

@article{aktsipetrovJETP86,
  author =        {Aktsipetrov, A. and Baranova, I. M. and
                   Il'inskii, A.},
  journal =       {J. Exp. Theor. Phys.},
  pages =         {297},
  title =         {Surface contribution to the generation of reflected
                   second-harmonic light for centrosymmetric
                   semiconductors},
  volume =        {91},
  year =          {1986},
}

@article{sipePRB87,
  author =        {Sipe, J. E. and Moss, D. J. and van Driel, H. M.},
  journal =       {Phys. Rev. B},
  number =        {3},
  pages =         {1129--1141},
  title =         {Phenomenological theory of optical second- and
                   third-harmonic generation from cubic centrosymmetric
                   crystals},
  volume =        {35},
  year =          {1987},
  doi =           {10.1103/PhysRevB.35.1129},
}

@article{xuJVST97,
  author =        {Xu, Z. and Hu, X. F. and Lim, D. and Ekerdt, J. G. and
                   Downer, M. C.},
  journal =       {J. Vac. Sci. Technol. B},
  number =        {4},
  pages =         {1059--1064},
  title =         {Second harmonic spectroscopy of {Si}(001) surfaces:
                   {Sensitivity} to surface hydrogen and doping, and
                   applications to kinetic measurements},
  volume =        {15},
  year =          {1997},
  doi =           {10.1116/1.589415},
  issn =          {2166-2746, 2166-2754},
}

@article{guyotPRB88,
  author =        {Guyot-Sionnest, P. and Shen, Y. R.},
  journal =       {Phys. Rev. B},
  number =        {12},
  pages =         {7985-7989},
  title =         {Bulk contribution in surface second-harmonic
                   generation},
  volume =        {38},
  year =          {1988},
  doi =           {10.1103/PhysRevB.38.7985},
}

@article{downerSIA01,
  author =        {Downer, M. C. and Mendoza, B. S. and
                   Gavrilenko, V. I.},
  journal =       {Surf. Interface Anal.},
  number =        {10},
  pages =         {966-986},
  title =         {Optical second harmonic spectroscopy of semiconductor
                   surfaces: advances in microscopic understanding},
  volume =        {31},
  year =          {2001},
}

@article{shenAPB99,
  author =        {Shen, Y. R.},
  journal =       {Appl. Phys. B},
  number =        {3},
  pages =         {295-300},
  title =         {Surface contribution versus bulk contribution in
                   surface nonlinear optical spectroscopy},
  volume =        {68},
  year =          {1999},
}

@article{mcgilp1996review,
  author =        {McGilp, J.F.},
  journal =       {Journal of Physics D: Applied Physics},
  pages =         {1812},
  publisher =     {IOP Publishing},
  title =         {A Review of Optical Second-Harmonic and Sum-Frequency
                   Generation at Surfaces and Interfaces},
  volume =        {29},
  year =          {1996},
}

@article{mcgilp1999second,
  author =        {McGilp, J.F.},
  journal =       {Surface Review and Letters},
  number =        {3-4},
  pages =         {529--558},
  publisher =     {Singapore: World Scientific},
  title =         {Second-Harmonic Generation at Semiconductor and Metal
                   Surfaces},
  volume =        {6},
  year =          {1999},
}

@article{aktsipetrov1997dc,
  author =        {Aktsipetrov, O.A. and Fedyanin, A.A. and
                   Melnikov, A.V. and Dadap, J.I. and Hu, X.F. and
                   Anderson, M.H. and Downer, M.C. and Lowell, J.K.},
  journal =       {Thin Solid Films},
  number =        {1-2},
  pages =         {231--234},
  publisher =     {Elsevier},
  title =         {{D.C.} Electric Field Induced Second-Harmonic
                   Generation Spectroscopy of the {Si}(001)-{SiO$_2$}
                   Interface: Separation of the Bulk and Surface
                   Non-Linear Contributions},
  volume =        {294},
  year =          {1997},
}

@book{aktsipetrovbook,
  author =        {Aktsipetrov, O. A. and Baranova, I. M. and
                   Evtyukhov, K. N.},
  publisher =     {CRC Press},
  title =         {Second {Order} {Non}-linear {Optics} of {Silicon} and
                   {Silicon} {Nanostructures}},
  year =          {2016},
}

@article{scheidt2004optical,
  author =        {Scheidt, T. and Rohwer, E.G. and von Bergmann, H.M. and
                   Stafast, H.},
  journal =       {The European Physical Journal Applied Physics},
  number =        {1-3},
  pages =         {393--397},
  publisher =     {Cambridge Univ Press},
  title =         {Optical Second Harmonic Imaging: A Versatile Tool to
                   Investigate Semiconductor Surfaces and Interfaces},
  volume =        {27},
  year =          {2004},
}

@article{daumPRL93,
  author =        {Daum, W. and Krause, H. J. and Reichel, U. and
                   Ibach, H.},
  journal =       {Phys. Rev. Lett.},
  number =        {8},
  pages =         {1234-1237},
  title =         {Identification of strained silicon layers at
                   Si-{SiO}\_\{2\} interfaces and clean Si surfaces by
                   nonlinear optical spectroscopy},
  volume =        {71},
  year =          {1993},
  doi =           {10.1103/PhysRevLett.71.1234},
}

@article{mcgilpOE94,
  author =        {McGilp, J. F. and Cavanagh, M. and Power, J. R. and
                   O'Mahony, J. D.},
  journal =       {Opt. Eng.},
  number =        {12},
  pages =         {3895-3900},
  title =         {Probing semiconductor interfaces using nonlinear
                   optical spectroscopy},
  volume =        {33},
  year =          {1994},
  doi =           {10.1117/12.186373},
}

@article{meyerPRL95,
  author =        {Meyer, C. and L{\"u}pke, G. and Emmerichs, U. and
                   Wolter, F. and Kurz, H. and Bjorkman, C. H. and
                   Lucovsky, G.},
  journal =       {Phys. Rev. Lett.},
  number =        {15},
  pages =         {3001-3004},
  title =         {Electronic Transitions at Si(111)/{SiO}2 and
                   Si(111)/S3N4 Interfaces Studied by Optical
                   Second-Harmonic Spectroscopy},
  volume =        {74},
  year =          {1995},
  doi =           {10.1103/PhysRevLett.74.3001},
}

@article{powerPRL95,
  author =        {Power, J. R. and O'Mahony, J. D. and Chandola, S. and
                   McGilp, J. F.},
  journal =       {Phys. Rev. Lett.},
  number =        {6},
  pages =         {1138-1141},
  title =         {Resonant Optical Second Harmonic Generation at the
                   Steps of Vicinal Si(001)},
  volume =        {75},
  year =          {1995},
  doi =           {10.1103/PhysRevLett.75.1138},
}

@article{godefroyAPL96,
  author =        {Godefroy, P. and De Jong, W. and Van Hasselt, C. W. and
                   Devillers, M. A. C. and Rasing, T.},
  journal =       {Appl. Phys. Lett.},
  number =        {14},
  pages =         {1981-1983},
  title =         {Electric field induced second harmonic generation
                   spectroscopy on a metal-oxide-silicon structure},
  volume =        {68},
  year =          {1996},
}

@article{hoferAPA96,
  author =        {H{\"o}fer, U.},
  journal =       {Appl. Phys. A},
  number =        {6},
  pages =         {533--547},
  title =         {Nonlinear optical investigations of the dynamics of
                   hydrogen interaction with silicon surfaces},
  volume =        {63},
  year =          {1996},
  doi =           {10.1007/BF01567209},
  issn =          {0947-8396, 1432-0630},
  language =      {en},
}

@article{dadapPRB97,
  author =        {Dadap, J. I. and Xu, Z. and Hu, X. F. and
                   Downer, M. C. and Russell, N. M. and Ekerdt, J. G. and
                   Aktsipetrov, O. A.},
  journal =       {Phys. Rev. B},
  number =        {20},
  pages =         {13367},
  title =         {Second-harmonic spectroscopy of a {Si} (001) surface
                   during calibrated variations in temperature and
                   hydrogen coverage},
  volume =        {56},
  year =          {1997},
}

@article{bloembergenAPB99,
  author =        {Bloembergen, N.},
  journal =       {Appl. Phys. B-Lasers O.},
  number =        {3},
  pages =         {289-293},
  title =         {Surface nonlinear optics: a historical overview},
  volume =        {68},
  year =          {1999},
}

@article{mcgilpSRL99,
  author =        {McGilp, J. F.},
  journal =       {Surf. Rev. Lett.},
  number =        {03n04},
  pages =         {529-558},
  title =         {Second-harmonic generation at semiconductor and metal
                   surfaces},
  volume =        {6},
  year =          {1999},
}

@article{suzukiAPB99,
  author =        {Suzuki, T. and Milovzorov, D. E. and Kogo, S. and
                   Tsukakoshi, M. and Aono, M.},
  journal =       {Appl. Phys. B},
  number =        {3},
  pages =         {623-627},
  title =         {Surface second-harmonic generation spectra of Si
                   (111)-7x7 in the-1.0 1.7 {eV} fundamental photon
                   energy},
  volume =        {68},
  year =          {1999},
}

@article{mitchellSS01,
  author =        {Mitchell, S. A. and Mehendale, M. and
                   Villeneuve, D. M. and Boukherroub, R.},
  journal =       {Surf. Sci.},
  number =        {3},
  pages =         {367--378},
  title =         {Second harmonic generation spectroscopy of chemically
                   modified {Si}(1 1 1) surfaces},
  volume =        {488},
  year =          {2001},
  doi =           {10.1016/S0039-6028(01)01161-X},
  issn =          {0039-6028},
}

@article{hughesPRB96,
  author =        {Hughes, J. L. P. and Sipe, J. E.},
  journal =       {Phys. Rev. B},
  number =        {16},
  pages =         {10751},
  title =         {Calculation of second-order optical response in
                   semiconductors},
  volume =        {53},
  year =          {1996},
}

@article{downerPSSA01,
  author =        {Downer, M. C. and Jiang, Y. and Lim, D. and
                   Mantese, L. and Wilson, P. T. and Mendoza, B. S. and
                   Gavrilenko, V.I.},
  journal =       {Phys. Status Solidi A},
  number =        {4},
  pages =         {1371-1381},
  title =         {Optical Second Harmonic Spectroscopy of Silicon
                   Surfaces, Interfaces and Nanocrystals},
  volume =        {188},
  year =          {2001},
  doi =
  {10.1002/1521-396X(200112)188:4<1371::AID-PSSA1371>3.0.CO;2-U},
  language =      {en},
}

@article{shenNAT89,
  author =        {Shen, Y. R.},
  journal =       {Nature},
  number =        {6207},
  pages =         {519-525},
  title =         {Surface properties probed by second-harmonic and
                   sum-frequency generation},
  volume =        {337},
  year =          {1989},
  doi =           {10.1038/337519a0},
}

@article{chenPRL81,
  author =        {Chen, C. K. and de Castro, A. R. B. and Shen, Y. R.},
  journal =       {Phys. Rev. Lett.},
  number =        {2},
  pages =         {145-148},
  title =         {Surface-Enhanced Second-Harmonic Generation},
  volume =        {46},
  year =          {1981},
  doi =           {10.1103/PhysRevLett.46.145},
}

@article{mendozaPRL98,
  author =        {Mendoza, B. S. and Gaggiotti, A. and Del Sole, R.},
  journal =       {Phys. Rev. Lett.},
  number =        {17},
  pages =         {3781-3784},
  title =         {Microscopic theory of second harmonic generation at
                   Si (100) surfaces},
  volume =        {81},
  year =          {1998},
}

@article{zheltikovLP00,
  author =        {Zheltikov, A. M. and Ferrante, G. and Zarcone, M.},
  journal =       {Laser Phys.},
  number =        {2},
  pages =         {600-602},
  title =         {On the far-and near-field optical microscopy of
                   microelectronics structures using second-harmonic and
                   Sum-Frequency Generation},
  volume =        {10},
  year =          {2000},
}

@article{lupkeSSR99,
  author =        {L{\"u}pke, G.},
  journal =       {Surf. Sci. Rep.},
  number =        {3},
  pages =         {75-161},
  title =         {Characterization of semiconductor interfaces by
                   second-harmonic generation},
  volume =        {35},
  year =          {1999},
  doi =           {10.1016/S0167-5729(99)00007-2},
}

@article{deanPRB14,
  author =        {Dean, J. J. and Lange, C. and van Driel, H. M.},
  journal =       {Phys. Rev. B},
  number =        {2},
  pages =         {024102},
  title =         {Ultrafast surface strain dynamics in {MnAs} thin
                   films observed with second harmonic generation},
  volume =        {89},
  year =          {2014},
  doi =           {10.1103/PhysRevB.89.024102},
}

@article{malardPRB13,
  author =        {Malard, L. M. and Alencar, T. V. and
                   Barboza, A. P. M. and Mak, K. F. and de Paula, A. M.},
  journal =       {Phys. Rev. B},
  number =        {20},
  pages =         {201401},
  title =         {Observation of intense second harmonic generation
                   from {MoS}\$\{\}\_\{2\}\$ atomic crystals},
  volume =        {87},
  year =          {2013},
  doi =           {10.1103/PhysRevB.87.201401},
}

@article{cazzanelliNM14,
  author =        {Cazzanelli, M. and Bianco, F. and Borga, E. and
                   Pucker, G. and Ghulinyan, M. and Degoli, E. and
                   Luppi, E. and V{\'e}niard, V. and Ossicini, S. and
                   Modotto, D. and Wabnitz, S. and Pierobon, R. and
                   Pavesi, L.},
  journal =       {Nature Materials},
  pages =         {148},
  title =         {Second-harmonic generation in silicon waveguides
                   strained by silicon nitride},
  volume =        {11},
  year =          {2014},
}

@article{butcherPOPS63,
  author =        {Butcher, P. N. and McLean, T. P.},
  journal =       {Proc. Phys. Soc.},
  number =        {2},
  pages =         {219},
  title =         {The non-linear constitutive relation in solids at
                   optical frequencies},
  volume =        {81},
  year =          {1963},
}

@article{aspnesPRB72,
  author =        {Aspnes, D. E.},
  journal =       {Phys. Rev. B},
  number =        {12},
  pages =         {4648-4659},
  title =         {Energy-Band Theory of the Second-Order Nonlinear
                   Optical Susceptibility of Crystals of Zinc-Blende
                   Symmetry},
  volume =        {6},
  year =          {1972},
  doi =           {10.1103/PhysRevB.6.4648},
}

@article{sipePRB93,
  author =        {Sipe, J. E. and Ghahramani, E.},
  journal =       {Phys. Rev. B},
  number =        {16},
  pages =         {11705-11722},
  title =         {Nonlinear optical response of semiconductors in the
                   independent-particle approximation},
  volume =        {48},
  year =          {1993},
  doi =           {10.1103/PhysRevB.48.11705},
}

@article{levinePRB94,
  author =        {Levine, Z. H.},
  journal =       {Phys. Rev. B},
  number =        {7},
  pages =         {4532-4538},
  title =         {Optical second-harmonic susceptibilities:
                   Frequency-dependent formulation with results for
                   {GaP} and {GaAs}},
  volume =        {49},
  year =          {1994},
  doi =           {10.1103/PhysRevB.49.4532},
}

@article{aversaPRB95,
  author =        {Aversa, C. and Sipe, J. E.},
  journal =       {Phys. Rev. B},
  number =        {20},
  pages =         {14636-14645},
  title =         {Nonlinear optical susceptibilities of semiconductors:
                   Results with a length-gauge analysis},
  volume =        {52},
  year =          {1995},
  doi =           {10.1103/PhysRevB.52.14636},
}

@article{rashkeevPRB98,
  author =        {Rashkeev, S. N. and Lambrecht, W. R. L. and
                   Segall, B.},
  journal =       {Phys. Rev. B},
  number =        {7},
  pages =         {3905-3919},
  title =         {Efficient ab initio method for the calculation of
                   frequency-dependent second-order optical response in
                   semiconductors},
  volume =        {57},
  year =          {1998},
  doi =           {10.1103/PhysRevB.57.3905},
}

@misc{beyond,
  note =          {For bulk calculations schemes of the SH
                   susceptibility tensor beyond the independent particle
                   approximation, see Refs. \cite{adolphPRB00,
                   leitsmannPRB05, luppiPRB10, luppiJCP10, hubenerPRB11,
                   trollePRB14, attaccalitePRB13, gruningPRB14}},
}

@article{arzatePRB01,
  author =        {Arzate, N. and Mendoza, B. S.},
  journal =       {Phys. Rev. B},
  number =        {12},
  pages =         {125303},
  title =         {Microscopic study of surface second-harmonic
                   generation from a clean {Si(100)} c(4{$\times$}2)
                   surface},
  volume =        {63},
  year =          {2001},
  doi =           {10.1103/PhysRevB.63.125303},
}

@article{mendozaPRB01,
  author =        {Mendoza, B. S. and Palummo, M. and Onida, G. and
                   Del Sole, R.},
  journal =       {Phys. Rev. B},
  number =        {20},
  pages =         {205406},
  title =         {Ab initio calculation of second-harmonic-generation
                   at the {Si(100)} surface},
  volume =        {63},
  year =          {2001},
  doi =           {10.1103/PhysRevB.63.205406},
}

@article{mejiaPRB02,
  author =        {Mej{\'i}a, J. E. and Mendoza, B. S. and Palummo, M. and
                   Onida, G. and Del Sole, R. and Bergfeld, S. and
                   Daum, W.},
  journal =       {Phys. Rev. B},
  number =        {19},
  pages =         {195329},
  title =         {Surface second-harmonic generation from Si(111)(1{$\times$}1){H}: Theory versus experiment},
  volume =        {66},
  year =          {2002},
}

@article{sanoPRB02,
  author =        {Sano, H. and Mizutani, G. and Wolf, W. and
                   Podloucky, R.},
  journal =       {Phys. Rev. B},
  number =        {19},
  pages =         {195338},
  title =         {Ab initio study of linear and nonlinear optical
                   responses of Si(111) surfaces},
  volume =        {66},
  year =          {2002},
  doi =           {10.1103/PhysRevB.66.195338},
}

@article{mejiaRMF04,
  author =        {Mej{\'i}a, J. E. and Mendoza, B. S. and Salazar, C.},
  journal =       {Revista Mexicana de F\'{\i}sica},
  number =        {2},
  pages =         {134-139},
  title =         {Layer-by-layer analysis of second harmonic generation
                   at a simple surface},
  volume =        {50},
  year =          {2004},
}

@article{trollePRB14,
  author =        {Trolle, Mads L. and Seifert, Gotthard and
                   Pedersen, Thomas G.},
  journal =       {Phys. Rev. B},
  number =        {23},
  pages =         {235410},
  title =         {Theory of excitonic second-harmonic generation in
                   monolayer {MoS}2},
  volume =        {89},
  year =          {2014},
  doi =           {10.1103/PhysRevB.89.235410},
}

@article{kohnPR65,
  author =        {Kohn, W. and Sham, L. J.},
  journal =       {Phys. Rev.},
  number =        {4A},
  pages =         {A1133-A1138},
  title =         {Self-Consistent Equations Including Exchange and
                   Correlation Effects},
  volume =        {140},
  year =          {1965},
  doi =           {10.1103/PhysRev.140.A1133},
}

@article{onidaRMP02,
  author =        {Onida, G. and Reining, L. and Rubio, A.},
  journal =       {Rev. Mod. Phys.},
  number =        {2},
  pages =         {601},
  title =         {Electronic excitations: density-functional versus
                   many-body Green's-function approaches},
  volume =        {74},
  year =          {2002},
}

@article{luceroJPCM12,
  author =        {Lucero, M. J. and Henderson, T. M. and
                   Scuseria, G. E.},
  journal =       {J. Phys. Condens. Mat.},
  number =        {14},
  pages =         {145504},
  title =         {Improved semiconductor lattice parameters and band
                   gaps from a middle-range screened hybrid exchange
                   functional},
  volume =        {24},
  year =          {2012},
  doi =           {10.1088/0953-8984/24/14/145504},
  language =      {en},
}

@article{levinePRL89,
  author =        {Levine, Z. H. and Allan, D. C.},
  journal =       {Phys. Rev. Lett.},
  number =        {16},
  pages =         {1719-1722},
  title =         {Linear optical response in silicon and germanium
                   including self-energy effects},
  volume =        {63},
  year =          {1989},
  doi =           {10.1103/PhysRevLett.63.1719},
}

@article{levinePRL91,
  author =        {Levine, Z. H. and Allan, D. C.},
  journal =       {Phys. Rev. B},
  number =        {5},
  pages =         {4187-4207},
  title =         {Quasiparticle calculation of the dielectric response
                   of silicon and germanium},
  volume =        {43},
  year =          {1991},
  doi =           {10.1103/PhysRevB.43.4187},
}

@article{delsolePRB93,
  author =        {Del Sole, R. and Girlanda, R.},
  journal =       {Phys. Rev. B},
  pages =         {11789},
  title =         {Optical properties of semiconductors within the
                   independent-quasiparticle approximation},
  year =          {1993},
}

@article{kippPRL96,
  author =        {Kipp, L. and Biegelsen, D. and Northrup, J. and
                   Swartz, L.-E. and Bringans, R.},
  journal =       {Phys. Rev. Lett.},
  number =        {15},
  pages =         {2810--2813},
  title =         {Reflectance Difference Spectroscopy: Experiment and
                   Theory for the Model System {Si(001):As} and
                   Application to {Si(001)}},
  volume =        {76},
  year =          {1996},
}

@article{nastosPRB05,
  author =        {Nastos, F. and Olejnik, B. and Schwarz, K. and
                   Sipe, J. E.},
  journal =       {Phys. Rev. B},
  number =        {4},
  pages =         {045223},
  title =         {Scissors implementation within length-gauge
                   formulations of the frequency-dependent nonlinear
                   optical response of semiconductors},
  volume =        {72},
  year =          {2005},
  doi =           {10.1103/PhysRevB.72.045223},
}

@article{cabellosPRB09,
  author =        {Cabellos, J. and Mendoza, B. and Escobar, M. and
                   Nastos, F. and Sipe, J.},
  journal =       {Phys. Rev. B},
  number =        {15},
  pages =         {155205},
  title =         {Effects of nonlocality on second-harmonic generation
                   in bulk semiconductors},
  volume =        {80},
  year =          {2009},
  doi =           {10.1103/PhysRevB.80.155205},
}

@article{reiningPRB94,
  author =        {Reining, L. and Del Sole, R. and Cini, M. and
                   Ping, J. G.},
  journal =       {Phys. Rev. B},
  number =        {12},
  pages =         {8411-8422},
  title =         {Microscopic calculation of second-harmonic generation
                   at semiconductor surfaces: {As/Si(111)} as a test
                   case},
  volume =        {50},
  year =          {1994},
  doi =           {10.1103/PhysRevB.50.8411},
}

@article{ismailPRL01,
  author =        {Ismail-Beigi, S. and Chang, E. K. and Louie, S. G.},
  journal =       {Phys. Rev. Lett.},
  number =        {8},
  pages =         {087402},
  title =         {Coupling of Nonlocal Potentials to Electromagnetic
                   Fields},
  volume =        {87},
  year =          {2001},
  doi =           {10.1103/PhysRevLett.87.087402},
}

@article{luppiPRB08,
  author =        {Luppi, Eleonora and Weissker, Hans-Christian and
                   Bottaro, Sandro and Sottile Francesco and
                   Val\'erie V\'eniard and Reining, Lucia and
                   Onida, Giovanni},
  journal =       {Phys. Rev. B},
  pages =         {245124},
  title =         {Accuracy of the pseudopotential approximation in
                   \textit{ab initio} theoretical spectroscopies},
  volume =        {78},
  year =          {2008},
}

@article{andersonPRB15,
  author =        {Anderson, S. M. and Tancogne-Dejean, N. and
                   Mendoza, B. S. and V{\'e}niard, V.},
  journal =       {Phys. Rev. B},
  number =        {7},
  pages =         {075302},
  title =         {Theory of surface second-harmonic generation for
                   semiconductors including effects of nonlocal
                   operators},
  volume =        {91},
  year =          {2015},
  doi =           {10.1103/PhysRevB.91.075302},
}

@article{andersonPRB16,
  doi = {10.1103/PhysRevB.93.235304},
  year  = {2016},
  publisher = {American Physical Society (APS)},
  volume = {93},
  number = {23},
  pages = {235304},
  author = {Anderson, S. M. and Tancogne-Dejean, N. and Mendoza, B. S. and V{\'e}\-niard, V.},
  title = {Improved \emph{ab initio} calculation of surface second-harmonic
  generation from Si(111)(1{$\times$}1)H},
  journal = {Physical Review B}
}

@misc{andersonARXIV16,
    author    = {Anderson, S. M. and Mendoza, B. S.},
    title     = {Derivation of the three-layer model for surface second-harmonic generation},
    date      = {2016-04-27},
    year      = {2016},
    eprint    = {arXiv:1604.07722}
}

@article{bergfeldPRL04,
  author =        {Bergfeld, S. and Braunschweig, B. and Daum, W.},
  journal =       {Phys. Rev. Lett.},
  number =        {9},
  pages =         {097402},
  title =         {Nonlinear {Optical} {Spectroscopy} of {Suboxides} at
                   {Oxidized} {Si}(111) {Interfaces}},
  volume =        {93},
  year =          {2004},
  doi =           {10.1103/PhysRevLett.93.097402},
}

@article{geimNM07,
  author =        {Geim, A.K. and Novoselov, K.S.},
  journal =       {Nat. Mater.},
  number =        {3},
  pages =         {183--191},
  publisher =     {Nature Publishing Group},
  title =         {The rise of graphene},
  volume =        {6},
  year =          {2007},
}

@article{reinaNL08,
  author =        {Reina, A. and Jia, X. and Ho, J. and Nezich, D. and
                   Son, H. and Bulovic, V. and Dresselhaus, M.S. and
                   Kong, J.},
  journal =       {Nano Lett.},
  number =        {1},
  pages =         {30--35},
  publisher =     {ACS Publications},
  title =         {Large area, few-layer graphene films on arbitrary
                   substrates by chemical vapor deposition},
  volume =        {9},
  year =          {2008},
}

@article{novoselov2S7,
  author =        {Novoselov, K. S. and Jiang, Z. and Zhang, Y. and
                   Morozov, S. V. and Stormer, H. L. and Zeitler, U. and
                   Maan, J. C. and Boebinger, G. S. and Kim, P. and
                   Geim, A. K.},
  journal =       {Science},
  number =        {5817},
  pages =         {1379--1379},
  publisher =     {American Association for the Advancement of Science},
  title =         {Room-temperature quantum Hall effect in graphene},
  volume =        {315},
  year =          {2007},
}

@article{balandinNL08,
  author =        {Balandin, A. A. and Ghosh, S. and Bao, W. and
                   Calizo, I. and Teweldebrhan, D. and Miao, F. and
                   Lau, C. N.},
  journal =       {Nano Lett.},
  number =        {3},
  pages =         {902--907},
  publisher =     {ACS Publications},
  title =         {Superior thermal conductivity of single-layer
                   graphene},
  volume =        {8},
  year =          {2008},
}

@article{hanPRL07,
  author =        {Han, M.Y. and {\"O}zyilmaz, B. and Zhang, Y. and
                   Kim, P.},
  journal =       {Phys. Rev. Lett.},
  number =        {20},
  pages =         {206805},
  publisher =     {APS},
  title =         {Energy band-gap engineering of graphene nanoribbons},
  volume =        {98},
  year =          {2007},
}

@article{zhangN09,
  author =        {Zhang, Y. and Tang, T.T. and Girit, C. and Hao, Z. and
                   Martin, M.C. and Zettl, A. and Crommie, M.F. and
                   Shen, Y.R. and Wang, F.},
  journal =       {Nature},
  number =        {7248},
  pages =         {820--823},
  publisher =     {Nature Publishing Group},
  title =         {Direct observation of a widely tunable bandgap in
                   bilayer graphene},
  volume =        {459},
  year =          {2009},
}

@article{niACSN08,
  author =        {Ni, Z.H. and Yu, T. and Lu, Y.H. and Wang, Y.Y. and
                   Feng, Y. P. and Shen, Z.X.},
  journal =       {ACS Nano},
  number =        {11},
  pages =         {2301--2305},
  publisher =     {ACS Publications},
  title =         {Uniaxial strain on graphene: Raman spectroscopy study
                   and band-gap opening},
  volume =        {2},
  year =          {2008},
}

@article{guoIJ11,
  author =        {Guo, Beidou and Fang, Liang and Zhang, Baohong and
                   Gong, Jian Ru},
  journal =       {Ins. J.},
  number =        {2},
  pages =         {80--89},
  title =         {Graphene doping: a review},
  volume =        {1},
  year =          {2011},
}

@article{eliasS09,
  author =        {Elias, D. C. and Nair, R. R. and Mohiuddin, T. M. G. and
                   Morozov, S. V. and Blake, P. and Halsall, M. P. and
                   Ferrari, A. C. and Boukhvalov, D. W. and
                   Katsnelson, M. I. and Geim, A. K. and
                   K. S. Novoselov},
  journal =       {Science},
  number =        {5914},
  pages =         {610--613},
  publisher =     {American Association for the Advancement of Science},
  title =         {Control of graphene's properties by reversible
                   hydrogenation: evidence for graphane},
  volume =        {323},
  year =          {2009},
}

@article{guisingerNL09,
  author =        {Guisinger, N. P. and Rutter, G. M. and Crain, J. N. and
                   First, P. N. and Stroscio, J. A.},
  journal =       {Nano Lett.},
  number =        {4},
  pages =         {1462--1466},
  publisher =     {ACS Publications},
  title =         {Exposure of epitaxial graphene on SiC (0001) to
                   atomic hydrogen},
  volume =        {9},
  year =          {2009},
}

@article{samarakoonACSN10,
  author =        {Samarakoon, D. K. and Wang, X. Q.},
  journal =       {ACS Nano},
  number =        {7},
  pages =         {4126--4130},
  publisher =     {ACS Publications},
  title =         {Tunable band gap in hydrogenated bilayer graphene},
  volume =        {4},
  year =          {2010},
}

@article{boukhvalovPRB08,
  author =        {Boukhvalov, D. W. and Katsnelson, M. I. and
                   Lichtenstein, A. I.},
  journal =       {Phys. Rev. B},
  pages =         {035427},
  publisher =     {American Physical Society},
  title =         {Hydrogen on graphene: Electronic structure, total
                   energy, structural distortions and magnetism from
                   first-principles calculations},
  volume =        {77},
  year =          {2008},
  doi =           {10.1103/PhysRevB.77.035427},
}

@article{zapataPSSB16,
  author =        {Zapata-Pe{\~n}a, R. and Anderson, S. M. and
                   Mendoza, B. S. and Shkrebtii, A. I.},
  journal =       {physica status solidi (b)},
  number =        {2},
  pages =         {408},
  publisher =     {Wiley},
  title =         {Nonlinear optical responses in hydrogenated graphene
                   structures},
  volume =        {253},
  year =          {2016},
  doi =           {10.1002/pssb.201552565},
}

@article{vzuticRMP04,
  author =        {{\v{Z}}uti{\'c}, I. and Fabian, J. and Sarma, S. D.},
  journal =       {Rev. Mod. Phys.},
  number =        {2},
  pages =         {323},
  publisher =     {APS},
  title =         {Spintronics: Fundamentals and applications},
  volume =        {76},
  year =          {2004},
}

@article{fertRMP08,
  author =        {Fert, A.},
  journal =       {Rev. Mod. Phys.},
  number =        {4},
  pages =         {1517},
  publisher =     {APS},
  title =         {Nobel lecture: Origin, development, and future of
                   spintronics},
  volume =        {80},
  year =          {2008},
}

@article{lampelPRL68,
  author =        {Lampel, G.},
  journal =       {Phys. Rev. Lett.},
  pages =         {491--493},
  publisher =     {American Physical Society},
  title =         {Nuclear Dynamic Polarization by Optical Electronic
                   Saturation and Optical Pumping in Semiconductors},
  volume =        {20},
  year =          {1968},
  doi =           {10.1103/PhysRevLett.20.491},
  url =           {http://link.aps.org/doi/10.1103/PhysRevLett.20.491},
}

@book{dyakonovOO84,
  address =       {New York},
  author =        {Dyakonov, M. I. and Perel, V. I.},
  booktitle =     {Optical orientation},
  chapter =       {2},
  note =          {edited by F. Meier and B. P. Zakharchenya},
  publisher =     {Elsevier},
  title =         {Theory of optical spin orientation of electrons and
                   nuclei in semiconductors},
  year =          {1984},
}

@article{nastosPRB07,
  author =        {Nastos, F. and Rioux, J. and Strimas-Mackey, M. and
                   Mendoza, B. S. and Sipe, J.},
  journal =       {Phys. Rev. B},
  number =        {20},
  title =         {Full band structure {LDA} and k{$\cdot$}p
                   calculations of optical spin-injection},
  volume =        {76},
  year =          {2007},
  doi =           {10.1103/PhysRevB.76.205113},
}

@article{mendozaPRB12,
  author =        {Mendoza, B. S. and Cabellos, J. L.},
  journal =       {Phys. Rev. B},
  number =        {16},
  pages =         {165324},
  publisher =     {APS},
  title =         {Optical spin injection at semiconductor surfaces},
  volume =        {85},
  year =          {2012},
}

@article{arzatePRB14,
  author =        {Arzate, N. and V{\'a}zquez-Nava, R. A. and
                   Mendoza, B. S.},
  journal =       {Phys. Rev. B},
  number =        {20},
  pages =         {205310},
  publisher =     {APS},
  title =         {Optical spin- and current-injection study on Si
                   (111)-In surfaces},
  volume =        {90},
  year =          {2014},
}

@article{bhatPRB05,
  author =        {Bhat, R. D. R. and Sipe, J. E.},
  journal =       {Phys. Rev. B},
  number =        {7},
  pages =         {075205},
  publisher =     {APS},
  title =         {Excitonic effects on the two-color coherent control
                   of interband transitions in bulk semiconductors},
  volume =        {72},
  year =          {2005},
}

@article{fraserPRL99,
  author =        {Fraser, J. M. and Shkrebtii, A. I. and Sipe, J. E. and
                   Van Driel, H. M.},
  journal =       {Phys. Rev. Lett.},
  number =        {20},
  pages =         {4192},
  publisher =     {APS},
  title =         {Quantum interference in electron-hole generation in
                   noncentrosymmetric semiconductors},
  volume =        {83},
  year =          {1999},
}

@article{hachePRL97,
  author =        {Hach\'e, A. and Kostoulas, Y. and Atanasov, R. and
                   Hughes, J. L. P. and Sipe, J. E. and
                   van Driel, H. M.},
  journal =       {Phys. Rev. Lett.},
  pages =         {306--309},
  publisher =     {American Physical Society},
  title =         {Observation of Coherently Controlled Photocurrent in
                   Unbiased, Bulk GaAs},
  volume =        {78},
  year =          {1997},
  doi =           {10.1103/PhysRevLett.78.306},
  url =           {http://link.aps.org/doi/10.1103/PhysRevLett.78.306},
}

@article{lamanAPL99,
  author =        {Laman, N and Shkrebtii, AI and Sipe, JE and
                   Van Driel, HM},
  journal =       {App. Phys. Lett.},
  number =        {17},
  pages =         {2581--2583},
  publisher =     {AIP Publishing},
  title =         {Quantum interference control of currents in CdSe with
                   a single optical beam},
  volume =        {75},
  year =          {1999},
}

@book{sturmanCRCP92,
  author =        {Sturman, P. J.},
  publisher =     {CRC Press},
  title =         {Photovoltaic and Photo-refractive Effects in
                   Noncentrosymmetric Materials},
  volume =        {8},
  year =          {1992},
}

@article{sipePRB00,
  author =        {Sipe, J. E. and Shkrebtii, A. I.},
  journal =       {Phys. Rev. B},
  number =        {8},
  pages =         {5337},
  title =         {Second-order optical response in semiconductors},
  volume =        {61},
  year =          {2000},
}

@article{melePRB00,
  author =        {Mele, E. J. and Kr{\'a}l, P. and Tom{\'a}nek, D.},
  journal =       {Phys. Rev. B},
  number =        {11},
  pages =         {7669},
  publisher =     {APS},
  title =         {Coherent control of photocurrents in graphene and
                   carbon nanotubes},
  volume =        {61},
  year =          {2000},
}

@article{cabellosPRB11,
  author =        {Cabellos, J. L. and Mendoza, B. S. and
                   Shkrebtii, A. I.},
  journal =       {Phys. Rev. B},
  number =        {19},
  pages =         {195326},
  publisher =     {APS},
  title =         {Optical coherent current control at surfaces: Theory
                   of injection current},
  volume =        {84},
  year =          {2011},
}

@article{bloembergenPR62,
  author =        {Bloembergen, N. and Pershan, P. S.},
  journal =       {Physical Review},
  number =        {2},
  pages =         {606--622},
  title =         {Light {Waves} at the {Boundary} of {Nonlinear}
                   {Media}},
  volume =        {128},
  year =          {1962},
  doi =           {10.1103/PhysRev.128.606},
}

@article{hybertsenPRB86,
  author =        {Hybertsen, M. S. and Louie, S. G.},
  journal =       {Phys. Rev. B},
  number =        {8},
  pages =         {5390-5413},
  title =         {Electron correlation in semiconductors and
                   insulators: Band gaps and quasiparticle energies},
  volume =        {34},
  year =          {1986},
  doi =           {10.1103/PhysRevB.34.5390},
}

@misc{valerie,
  author =        {Val\'erie V\'eniard and Luppi, E. and
                   H{\"u}bener, H.},
  note =          {unpublished.},
}

@article{adamsJCP53,
  author =        {Adams, E. N.},
  journal =       {J. Chem. Phys.},
  number =        {11},
  pages =         {2013-2017},
  title =         {The Crystal Momentum as a Quantum Mechanical
                   Operator},
  volume =        {21},
  year =          {1953},
  doi =           {10.1063/1.1698734},
}

@article{blountSSP62,
  author =        {Blount, E. I. and Seitz, F. and Turnbull, D.},
  journal =       {Solid State Phys.},
  pages =         {305},
  title =         {Formalisms of Band Theory},
  volume =        {13},
  year =          {1962},
}

@misc{olevano,
  author =        {Valerio Olevano},
  note =          {Private communication},
}

@article{mottaCMS10,
  author =        {Motta, C. and Giantomassi, M. and Cazzaniga, M. and
                   Ga{\'a}l-Nagy, K. and Gonze, X.},
  journal =       {Comput. Mater. Sci.},
  number =        {2},
  pages =         {698-703},
  title =         {Implementation of techniques for computing optical
                   properties in 0-3 dimensions, including a real-space
                   cutoff, in {ABINIT}},
  volume =        {50},
  year =          {2010},
  doi =           {10.1016/j.commatsci.2010.09.036},
}

@article{kleinmanPRL82,
  author =        {Kleinman, L. and Bylander, D. M.},
  journal =       {Phys. Rev. Lett.},
  number =        {20},
  pages =         {1425-1428},
  title =         {Efficacious Form for Model Pseudopotentials},
  volume =        {48},
  year =          {1982},
  doi =           {10.1103/PhysRevLett.48.1425},
}

@article{adolphPRB96,
  author =        {Adolph, B. and Gavrilenko, V. I. and Tenelsen, K. and
                   Bechstedt, F. and Del Sole, R.},
  journal =       {Phys. Rev. B},
  number =        {15},
  pages =         {9797-9808},
  title =         {Nonlocality and many-body effects in the optical
                   properties of semiconductors},
  volume =        {53},
  year =          {1996},
  doi =           {10.1103/PhysRevB.53.9797},
}

@article{mendozaPRB06,
  author =        {Mendoza, B. S. and Nastos, F. and Arzate, N. and
                   Sipe, J.},
  journal =       {Phys. Rev. B},
  number =        {7},
  pages =         {075318},
  title =         {Layer-by-layer analysis of the linear optical
                   response of clean and hydrogenated {Si(100)} surfaces},
  volume =        {74},
  year =          {2006},
  doi =           {10.1103/PhysRevB.74.075318},
}

@misc{note2,
  note =          {In Ref. \cite{hoganPRB03}, a non hermitian operator
                   was used in the context of linear optical response.},
}

@article{hoganPRB03,
  author =        {Hogan, C. and Del Sole, R. and Onida, G.},
  journal =       {Phys. Rev. B},
  number =        {3},
  pages =         {035405},
  title =         {Optical properties of real surfaces from microscopic
                   calculations of the dielectric function of finite
                   atomic slabs},
  volume =        {68},
  year =          {2003},
  doi =           {10.1103/PhysRevB.68.035405},
}

@article{castilloPRB03,
  author =        {Castillo, C. and Mendoza, B. S. and Schmidt, W. G. and
                   Hahn, P. H. and Bechstedt, F.},
  journal =       {Phys. Rev. B},
  number =        {4},
  pages =         {041310},
  title =         {Layer-by-layer analysis of surface reflectance
                   anisotropy in semiconductors},
  volume =        {68},
  year =          {2003},
  doi =           {10.1103/PhysRevB.68.041310},
}

@article{nicolasPRB14,
  author =        {Tancogne-Dejean, N. and Mendoza, B. S. and
                   V{\'e}niard, V.},
  journal =       {Phys. Rev. B},
  number =        {3},
  pages =         {035212},
  title =         {Effect of material properties on the accuracy of
                   antiresonant approximation: Linear and second-order
                   optical responses},
  volume =        {90},
  year =          {2014},
  doi =           {10.1103/PhysRevB.90.035212},
}

@book{boyd,
  address =       {New York},
  author =        {Boyd, R.W.},
  publisher =     {Academic Press},
  title =         {Nonlinear Optics},
  year =          {2003},
  isbn =          {0121216829},
}

@book{sutherland,
  author =        {Sutherland, Richard L.},
  publisher =     {CRC Press},
  title =         {Handbook of {Nonlinear} {Optics}},
  year =          {2003},
  isbn =          {978-0-8247-4243-0},
  language =      {en},
}

@article{ciniPRB91,
  author =        {Cini, Michele},
  journal =       {Phys. Rev. B},
  number =        {6},
  pages =         {4792--4802},
  title =         {Simple model of electric-dipole second-harmonic
                   generation from interfaces},
  volume =        {43},
  year =          {1991},
}

@article{mizrahiJOSA88,
  author =        {Mizrahi, V. and Sipe, J. E.},
  journal =       {J. Opt. Soc. Am. B},
  number =        {3},
  pages =         {660-667},
  title =         {Phenomenological treatment of surface second-harmonic
                   generation},
  volume =        {5},
  year =          {1988},
}

@article{sipeJOSAB87,
  author =        {Sipe, J. E.},
  journal =       {Journal of the Optical Society of America B},
  number =        {4},
  pages =         {481--489},
  title =         {New {Green}-function formalism for surface optics},
  volume =        {4},
  year =          {1987},
}

@book{popovbook,
  author =        {Popov, S. V. and Svirko, Y. P. and Zheludev, N. I.},
  publisher =     {CRC Press},
  title =         {Susceptibility tensors for nonlinear optics},
  year =          {1995},
}

@article{gonzeCPS09,
  author =        {{G}onze, {X}. and {A}madon, {B}. and
                   {A}nglade, {P}. -. {M}. and {B}euken, {J}. -. {M}. and
                   {B}ottin, {F}. and {B}oulanger, {P}. and
                   {B}runeval, {F}. and {C}aliste, {D}. and
                   {C}aracas, {R}. and {C}ote, {M}. and {D}eutsch, {T}. and
                   {G}enovese, {L}. and {G}hosez, {P}h. and
                   {G}iantomassi, {M}. and {G}oedecker, {S}. and
                   {H}amann, {D}. {R}. and {H}ermet, {P}. and
                   {J}ollet, {F}. and {J}omard, {G}. and {L}eroux, {S}. and
                   {M}ancini, {M}. and {M}azevet, {S}. and
                   {O}liveira, {M}. {J}. {T}. and {O}nida, {G}. and
                   {P}ouillon, {Y}. and {R}angel, {T}. and
                   {R}ignanese, {G}. -. {M}. and {S}angalli, {D}. and
                   {S}haltaf, {R}. and {T}orrent, {M}. and
                   {V}erstraete, {M}. {J}. and {Z}erah, {G}. and
                   {Z}wanziger, {J}. {W}.},
  journal =       {Comput. Phys. Commun.},
  number =        {12},
  pages =         {2582--2615},
  title =         {{ABINIT}: {F}irst-principles approach to material and
                   nanosystem properties},
  volume =        {180},
  year =          {2009},
  doi =           {10.1016/j.cpc.2009.07.007},
}

@misc{abinit,
  note =          {The ABINIT code is a common project of the
                   Universit{\'e} Catholique de Louvain, Corning
                   Incorporated, and other contributors (URL
                   http://www.abinit.org).},
}

@article{troullierPRB91,
  author =        {Troullier, N. and Martins, J. L.},
  journal =       {Phys. Rev. B},
  number =        {3},
  pages =         {1993-2006},
  title =         {Efficient pseudopotentials for plane-wave
                   calculations},
  volume =        {43},
  year =          {1991},
  doi =           {10.1103/PhysRevB.43.1993},
}

@misc{olevanoDP,
  author =        {Olevano, V. and Reining, L. and Sottile, F.},
  note =          {http://dp-code.org},
}

@misc{tiniba,
  author =        {Bernardo Mendoza Santoyo and
                   Jos{\'e} Luis Cabellos Quiroz and
                   Tonatiuh Rangel Gordillo},
  note =          {Registrado ante el Instituto Nacional de Derechos de
                   Autor (INDAUTOR-M{\'e}xico) con n{\'u}mero de
                   registro 03-2009-120114033400-01.},
  title =         {TINIBA: Programas para el C{\'a}lculo en Paralelo de
                   Respuestas {\'O}pticas en Semiconductores Usando un
                   Cluster de Computo},
}

@article{caramellaPRB09,
  author =        {Caramella, L. and Hogan, C. and Onida, G. and
                   Del Sole, R.},
  journal =       {Phys. Rev. B},
  pages =         {155447},
  publisher =     {American Physical Society},
  title =         {High-resolution electron energy loss spectra of
                   reconstructed {Si(100)} surfaces: First-principles
                   study},
  volume =        {79},
  year =          {2009},
  doi =           {10.1103/PhysRevB.79.155447},
}

@misc{note1,
  note =          {The half-slab layer extends to the middle of the
                   vacuum region between consecutive (front-back or
                   back-front) surfaces of the repeated super cell
                   scheme.},
}

@article{rohlfingPRB95,
  author =        {Rohlfing, M. and Kr{\"u}ger, P. and Pollmann, J.},
  journal =       {Phys. Rev. B},
  number =        {3},
  pages =         {1905-1917},
  title =         {Efficient scheme for {GW} quasiparticle
                   band-structure calculations with applications to bulk
                   Si and to the {Si(001)}-(2{$\times$}1) surface},
  volume =        {52},
  year =          {1995},
  doi =           {10.1103/PhysRevB.52.1905},
}

@article{garciaCPC01,
  author =        {Garc{\'i}a-Gonz{\'a}lez, P. and Godby, R. W.},
  journal =       {Comput. Phys. Commun.},
  number =        {1},
  pages =         {108-122},
  title =         {{GW} self-energy calculations for surfaces and
                   interfaces},
  volume =        {137},
  year =          {2001},
  doi =           {10.1016/S0010-4655(01)00174-6},
}

@article{asahiPRB00,
  author =        {Asahi, R. and Mannstadt, W. and Freeman, A. J.},
  journal =       {Phys. Rev. B},
  pages =         {2552},
  title =         {Screened-exchange LDA methods for films and
                   superlattices with applications to the {Si(100)}2x1
                   surface and {InAs/InSb} superlattices},
  volume =        {62},
  year =          {2000},
}

@article{luppiPRB10,
  author =        {Luppi, E. and H{\"u}bener, H. and V{\'e}niard, V.},
  journal =       {Phys. Rev. B},
  pages =         {235201},
  title =         {Ab initio second-order nonlinear optics in solids:
                   Second-harmonic generation spectroscopy from
                   time-dependent density-functional theory},
  volume =        {82},
  year =          {2010},
}

@article{leitsmannPRB05,
  author =        {Leitsmann, R. and Schmidt, W. and Hahn, P. and
                   Bechstedt, F.},
  journal =       {Phys. Rev. B},
  number =        {19},
  pages =         {195209},
  title =         {Second-harmonic polarizability including
                   electron-hole attraction from band-structure theory},
  volume =        {71},
  year =          {2005},
  doi =           {10.1103/PhysRevB.71.195209},
  language =      {en},
}

@article{adolphPRB00,
  author =        {Adolph, B. and Bechstedt, F.},
  journal =       {Phys. Rev. B},
  pages =         {1706},
  title =         {Influence of crystal structure and quasiparticle
                   effects on second-harmonic generation: Silicon
                   carbide polytypes},
  volume =        {62},
  year =          {2000},
}

@phdthesis{tancognedejean:tel-01235611,
  author =        {Tancogne-Dejean, Nicolas},
  school =        {{Ecole polytechnique}},
  title =         {{Ab initio description of second-harmonic generation
                   from crystal surfaces}},
  year =          {2015},
  url =           {https://pastel.archives-ouvertes.fr/tel-01235611},
}

@article{kaxirasPRB88,
  author =        {Kaxiras, E. and Joannopoulos, J. D.},
  journal =       {Phys. Rev. B},
  number =        {15},
  pages =         {8842--8848},
  title =         {Hydrogenation of semiconductor surfaces: {Si} and
                   {Ge} (111)},
  volume =        {37},
  year =          {1988},
  doi =           {10.1103/PhysRevB.37.8842},
}

@article{jonaPRB95,
  author =        {Jona, F. and Thompson, W. A. and Marcus, P. M.},
  journal =       {Phys. Rev. B},
  number =        {11},
  pages =         {8226--8230},
  title =         {Experimental determination of the atomic structure of
                   a {H}-terminated {Si}{111} surface},
  volume =        {52},
  year =          {1995},
  doi =           {10.1103/PhysRevB.52.8226},
}

@article{alfonsoPRB96,
  author =        {Alfonso, D. R. and Noguez, C. and Drabold, D. A. and
                   Ulloa, S. E.},
  journal =       {Phys. Rev. B},
  number =        {11},
  pages =         {8028--8032},
  title =         {First-principles studies of hydrogenated
                   {Si}(111)-7x7},
  volume =        {54},
  year =          {1996},
  doi =           {10.1103/PhysRevB.54.8028},
}

@article{cargnoniJOCP00,
  author =        {Cargnoni, F. and Gatti, C. and May, E. and
                   Narducci, D.},
  journal =       {J. Chem. Phys.},
  number =        {2},
  pages =         {887--899},
  title =         {Geometrical reconstructions and electronic
                   relaxations of silicon surfaces. {I}. {An} electron
                   density topological study of {H}-covered and clean
                   {Si}(111)(1{$\times$}1) surfaces},
  volume =        {112},
  year =          {2000},
  doi =           {10.1063/1.480616},
  issn =          {0021-9606, 1089-7690},
}

@book{weastCRC88,
  author =        {Weast, R. C. and Astle, M. J. and Beyer, W. H.},
  publisher =     {CRC press Boca Raton, FL},
  title =         {CRC handbook of chemistry and physics},
  volume =        {69},
  year =          {1988},
}

@article{liPRB10,
  author =        {Li, Y. and Galli, G.},
  journal =       {Phys. Rev. B},
  number =        {4},
  pages =         {045321},
  title =         {Electronic and spectroscopic properties of the
                   hydrogen-terminated {Si}(111) surface from ab initio
                   calculations},
  volume =        {82},
  year =          {2010},
  doi =           {10.1103/PhysRevB.82.045321},
}

@article{nicolasPRB15,
  author =        {Tancogne-Dejean, N. and Giorgetti, C. and
                   V{\'e}niard, V.},
  journal =       {Phys. Rev. B},
  number =        {24},
  pages =         {245308},
  title =         {Optical properties of surfaces with supercell
                   {\emph{ab initio}} calculations: Local-field effects},
  volume =        {92},
  year =          {2015},
  doi =           {10.1103/PhysRevB.92.245308},
}

@book{yubook,
  author =        {Yu, P. and Cardona, M.},
  edition =       {Third},
  publisher =     {Springer Science \& Business Media},
  title =         {Fundamentals of {Semiconductors}: {Physics} and
                   {Materials} {Properties}},
  year =          {2005},
  isbn =          {978-3-540-25470-6},
  language =      {English},
}

@misc{puff,
  note =          {The size of the excitonic Hamiltonian scales as
                   $(N^3_k\times N_v\times N_c)^2$, where $N_k$ is the
                   total number of $\mathbf{k}$-points, and $N_{v}$ and
                   $N_{c}$ are the number of valence and conduction
                   states, respectively. For these values, the size of
                   the Hamiltonian for the Si(111)(1$\times$1):H surface
                   of this article would be over 1 petabyte, which far
                   exceeds conventional computing capabilities.},
}

@article{palummoPRB99,
  author =        {Palummo, M. and Onida, G. and Del Sole, R. and
                   Mendoza, B. S.},
  journal =       {Phys. Rev. B},
  number =        {4},
  pages =         {2522--2527},
  title =         {Ab initio optical properties of {Si}(100)},
  volume =        {60},
  year =          {1999},
  doi =           {10.1103/PhysRevB.60.2522},
}

@article{gaalPRB09,
  author =        {Ga{\'a}l-Nagy, K. and Incze, A. and Onida, G. and
                   Borensztein, Y. and Witkowski, N. and Pluchery, O. and
                   Fuchs, F. and Bechstedt, F. and Del Sole, R.},
  journal =       {Phys. Rev. B},
  number =        {4},
  pages =         {045312},
  title =         {Optical spectra and microscopic structure of the
                   oxidized {Si}(100) surface: {Combined} in situ
                   optical experiments and first principles
                   calculations},
  volume =        {79},
  year =          {2009},
  doi =           {10.1103/PhysRevB.79.045312},
}

@article{luppiJCP10,
  author =        {Luppi, E. and H{\"u}bener, H. and V{\'e}niard, V.},
  journal =       {J. Chem. Phys.},
  number =        {24},
  pages =         {241104},
  title =         {Communications: Ab initio second-order nonlinear
                   optics in solids},
  volume =        {132},
  year =          {2010},
  doi =           {10.1063/1.3457671},
  language =      {en},
}

@article{gordienkoRPJ04,
  author =        {Gordienko, A. B. and Poplavnoi, A. S.},
  journal =       {Russian Physics Journal},
  number =        {7},
  pages =         {687-691},
  title =         {Influence of the Pseudopotential Nonlocality on the
                   Calculated Optical Characteristics of Crystals},
  volume =        {47},
  year =          {2004},
  doi =           {10.1023/B:RUPJ.0000049740.43599.0c},
  language =      {en},
}

@article{fuchsCPC99,
  author =        {Fuchs, M. and Scheffler, M.},
  journal =       {Comput. Phys. Commun.},
  number =        {1},
  pages =         {67-98},
  title =         {Ab initio pseudopotentials for electronic structure
                   calculations of poly-atomic systems using
                   density-functional theory},
  volume =        {119},
  year =          {1999},
  doi =           {10.1016/S0010-4655(98)00201-X},
}

@book{ashcroftbook,
  address =       {Saunders College, Philadelphia},
  author =        {Ashcroft, N. W. and Mermin, N. D.},
  publisher =     {Brooks Cole},
  title =         {Solid {State} {Physics}},
  year =          {1976},
}

@article{hubenerPRB11,
  author =        {H{\"u}bener, H. and Luppi, E. and V{\'e}niard, V.},
  journal =       {Phys. Rev. B},
  pages =         {115205},
  title =         {Ab initio calculation of many-body effects on the
                   second-harmonic generation spectra of hexagonal SiC
                   polytypes},
  volume =        {83},
  year =          {2011},
}

@article{attaccalitePRB13,
  author =        {Attaccalite, C. and Gr\"uning, M.},
  journal =       {Phys. Rev. B},
  pages =         {235113},
  title =         {Nonlinear optics from an ab initio approach by means
                   of the dynamical Berry phase: Application to second-
                   and third-harmonic generation in semiconductors},
  volume =        {88},
  year =          {2013},
}

@article{gruningPRB14,
  author =        {Gr\"uning, M. and Attaccalite, C.},
  journal =       {Phys. Rev. B},
  pages =         {081102},
  title =         {Second harmonic generation in {$h$-BN} and {MoS$_{2}$}
                   monolayers: Role of electron-hole interaction},
  volume =        {89},
  year =          {2014},
}

